2324 2955
180 108 253 145 695

192 249 325 283 bamus,
353 252 383 277 ct
399 242 539 280 sentire,
566 241 659 285 quod
675 238 820 273 sintDei
835 240 1014 277 beneficia.
1069 243 1086 275 1
1103 241 1168 275 Ti-

192 294 301 329 moth.
317 295 366 328 4.:
403 290 447 325 Et
477 291 566 324 sicut
594 290 729 324 insania
758 297 846 324 esset
868 290 983 324 dicere
1008 292 1103 336 quod
1128 304 1168 324 ex

194 345 277 377 artis
300 342 451 375 sutoriae
467 341 659 385 praeceptis
675 340 718 374 sit
734 341 962 374 iudicandum
977 342 1021 375 de
1038 342 1169 375 doctri-

193 406 239 427 na
264 391 471 434 christiana,
500 391 547 424 ita
573 391 769 434 desipiunt,
800 391 861 435 qui
884 403 923 424 ex
947 389 1169 436 philosophia

193 443 352 476 iudicant
376 443 418 475 de
440 440 599 475 doctrina
623 439 824 474 christiana.
876 439 972 475 Dicit
997 442 1089 475 enim
1105 441 1171 475 Pe-

194 501 285 533 trus,
311 489 510 536 prophetias
535 503 606 524 non
633 503 703 524 esse
726 489 881 525 humana
897 493 1077 526 voluntate
1097 493 1171 525 edi-

196 551 257 577 tas,
327 541 465 576 Rursus
488 542 686 586 desiperent
709 542 811 574 etiam
834 539 890 582 hi,
921 543 982 586 qui
1009 543 1172 583 dicerent,

196 599 306 627 artem
330 593 499 626 sutoriam
523 603 677 635 pugnare
697 604 775 625 cum
794 592 954 625 doctrina
973 590 1172 628 christiana.

194 642 248 676 Ita
263 643 458 687 desipiunt,
484 643 544 687 qui
560 649 720 676 naturam
735 649 766 676 et
784 654 922 676 morum
939 642 1172 685 cognitionem

195 693 319 726 dicunt
345 704 499 736 pugnare
521 704 600 726 cum
624 693 804 735 religione.
874 692 926 726 lta
948 692 1079 726 Paulus
1102 704 1173 726 non

196 744 264 781 ait,
291 741 552 787 philosophiam
569 754 640 775 csse
657 743 803 783 malam,
829 744 887 775 scd
906 742 954 775 sic
968 743 1032 776 ait:
1059 743 1175 776 videte

196 805 241 825 ne
266 793 343 837 quis
365 804 426 826 vos
446 792 596 835 decipiat
621 804 680 836 per
703 790 984 836 philosophiam,
1011 801 1050 827 ut
1070 793 1098 835 si
1121 792 1174 825 ‹li-

197 849 266 875 cat:
301 843 399 883 vide,
433 854 476 876 ne
503 849 536 876 te
559 843 709 886 decipiat
732 843 866 878 vinum.
917 842 1056 876 Deinde
1080 843 1173 887 quod

196 893 313 931 addit,
349 893 488 926 inanem
511 893 750 937 deceptionem
765 920 773 933 ‚
799 891 856 925 hic
881 893 1050 938 significat
1072 904 1173 935 argu-

196 948 312 975 menta
331 943 373 976 de
388 943 509 976 divina
526 943 706 976 voluntate
724 955 763 975 ex
780 941 1004 986 philosophia
1021 944 1175 976 collecta.

196 992 277 1025 Non
301 1000 350 1026 est
376 993 468 1026 enim
485 990 728 1036 philosophia,
754 1004 833 1025 cum
851 993 893 1025 de
911 993 1029 1026 divina
1048 993 1175 1026 volun-
1199 996 1201 1001 '

198 1049 264 1075 tate
280 1054 318 1075 ex
333 1043 469 1075 ratione
485 1042 691 1082 iudicamus,
719 1043 777 1074 sed
792 1049 876 1075 sunt
894 1043 1012 1074 inania
1031 1043 1175 1081 somnia,

197 1093 285 1124 sicut
316 1090 490 1136 Epicurus
519 1093 677 1133 negavit,
718 1091 793 1124 Deo
822 1103 875 1123 res
906 1099 1041 1124 nostras
1072 1103 1174 1124 curae

196 1153 284 1182 csse,
311 1142 393 1175 item
412 1142 576 1185 platonici
596 1142 881 1184 disputaverunt,
905 1139 1018 1173 Deum
1035 1141 1174 1183 gignere

197 1192 443 1233 cogitationem
474 1192 668 1236 quandam;
711 1196 744 1223 et
772 1189 979 1224 Aristoteles
1009 1191 1175 1234 disputat,

196 1242 369 1274 mundum
392 1253 462 1274 esse
482 1248 681 1280 aeternum,
713 1251 777 1273 nec
799 1241 988 1284 aliquando
1013 1241 1173 1283 coepisse.

195 1289 240 1324 Et
273 1291 533 1324 admiscuerunt
564 1290 744 1323 doctrinae
774 1287 984 1323 christianae
1017 1289 1175 1333 philoso-

195 1338 325 1383 phiam,
354 1341 413 1385 qui
431 1342 637 1380 docuerunt,
664 1340 758 1384 quod
776 1340 904 1374 nostris
923 1341 1057 1373 meritis
1074 1340 1175 1386 iusti-

196 1390 354 1423 ficemur:
383 1389 427 1423 Et
450 1390 592 1434 quidam
617 1390 770 1433 scripsit:
797 1391 1025 1423 fundamenta
1044 1390 1173 1423 doctri-

197 1451 261 1472 nae
299 1438 508 1473 christianae
545 1437 803 1483 philosophiam
837 1439 1055 1473 Platonicam
1092 1452 1174 1474 esse.

197 1490 254 1522 Sic
277 1501 340 1533 pro
366 1491 469 1523 certis
490 1490 691 1530 adfirmare,
718 1501 804 1534 quae
827 1490 915 1523 ratio
939 1496 999 1523 aut
1018 1488 1175 1534 pbiloso-

197 1537 277 1582 phia
297 1551 369 1572 non
387 1546 496 1583 potest
513 1539 715 1582 adfirmare,
744 1539 814 1571 imo
831 1551 918 1583 quae
936 1551 1079 1583 prorsus
1094 1546 1175 1573 sunt

198 1596 292 1622 extra
325 1590 495 1622 iudicium
526 1589 672 1622 rationis
701 1595 762 1622 aut
785 1587 1029 1632 philosophiae
1053 1590 1175 1632 posita,

199 1651 236 1671 ea
261 1646 310 1673 est
332 1640 446 1672 inanis
471 1639 640 1682 deceptio.
694 1637 741 1671 Et
763 1639 851 1672 sicut
876 1639 911 1671 in
938 1640 1011 1681 lege
1036 1651 1174 1682 praece-

198 1696 296 1731 ptum
321 1696 389 1730 est,
416 1701 459 1722 ne
481 1689 557 1734 quis
575 1689 743 1721 dissimile
757 1700 873 1721 semen
892 1696 979 1721 serat
998 1690 1034 1720 in
1054 1690 1172 1721 eodem

198 1751 300 1781 agro,
327 1740 520 1772 cavendum
545 1745 613 1777 est,
641 1750 684 1770 nc
707 1738 970 1771 commisceatur
990 1736 1174 1779 Evangelii

199 1789 358 1822 doctrina
374 1797 407 1822 et
423 1786 658 1833 philosophia.
718 1787 785 1821 Sed
802 1786 1031 1830 Evangeliurn
1047 1796 1096 1821 est
1111 1789 1174 1820 do-

197 1839 310 1872 ctrina
328 1839 417 1872 vitae
434 1839 624 1882 spiritualis
639 1845 672 1871 et
687 1838 941 1871 iustificationis
957 1850 1071 1870 coram
1083 1838 1174 1871 Deo:

196 1886 426 1933 Philosophia
446 1900 526 1921 vero
544 1895 593 1921 est
609 1888 770 1921 doctrina
788 1888 877 1921 vitae
896 1889 1103 1931 corporalis,
1129 1888 1175 1920 si-

197 1945 253 1971 cut
275 1938 372 1971 vides
393 1939 603 1971 medicinam
626 1938 817 1971 valetudini
836 1938 984 1977 servire,
1007 1938 1176 1980 navigan-

196 1988 289 2020 tibus
309 1988 511 2022 discrimina
527 1994 770 2032 tempestatum
781 2012 789 2026 ‚
815 1999 929 2020 mores
945 1988 1065 2021 civiles
1080 2000 1174 2021 com-

196 2038 296 2070 muni
319 2036 503 2071 hominum
526 2038 786 2082 tranquillitati.
837 2035 901 2071 Est
918 2045 1031 2071 autem
1052 2035 1174 2072 huius-

196 2088 291 2121 modi
311 2100 392 2121 usus
407 2085 442 2134 ³⁶)
466 2089 677 2121 necessarius
696 2095 730 2122 et
744 2100 762 2121 a
780 2086 854 2121 Deo
873 2089 1059 2131 probatus,
1087 2089 1175 2122 sicut

197 2138 315 2171 inultis
338 2139 422 2172 locis
439 2139 539 2171 docet
557 2137 705 2178 Paulus,
731 2139 903 2173 utendum
923 2149 994 2171 esse
1009 2138 1174 2172 creaturis

196 2186 261 2219 Dei
285 2200 361 2221 cum
388 2189 577 2231 gratiarum
604 2189 749 2222 actione.
808 2186 856 2221 Et
878 2195 993 2221 tamen
1017 2201 1098 2221 usus
1123 2197 1174 2223 ta-

199 2238 283 2270 lium
301 2250 417 2271 rerum
434 2239 669 2283 corporalium
686 2251 759 2272 non
779 2238 939 2272 iustificat
954 2250 1069 2271 coram
1087 2238 1175 2279 Deo,

195 2286 285 2320 sicut
302 2286 396 2322 Deus
416 2288 709 2333 praecepitedere
721 2316 730 2330 ‚
757 2301 870 2333 neque
887 2294 1003 2321 tamen
1022 2289 1057 2322 id
1074 2289 1174 2323 iusti·

196 2337 274 2370 ficat
304 2335 504 2379 hominem,
538 2339 584 2372 ita
613 2339 705 2373 dieta
730 2351 770 2372 ex
794 2338 925 2372 Medici
950 2340 1174 2383 praescripto,

195 2387 280 2421 item
299 2392 540 2431 tempestatum
557 2389 759 2422 discrimina
779 2390 963 2422 observare
980 2401 1052 2422 non
1071 2390 1173 2423 iusti-

196 2437 289 2470 ficat:
318 2437 399 2470 item
423 2438 540 2471 civiles
559 2451 690 2479 mores,
718 2446 757 2473 ut
775 2451 847 2472 non
866 2451 983 2481 gerere
999 2452 1094 2472 arma
1111 2441 1171 2473 ubi
1194 2460 1197 2491 Ι

197 2487 285 2529 leges
301 2485 508 2531 prohibent,
535 2495 593 2521 ant
610 2489 734 2523 vestire
749 2491 939 2523 secundum
959 2490 1047 2532 leges
1066 2490 1172 2534 exigit
1194 2499 1196 2529 j

192 2536 305 2576 Deus,
330 2549 443 2582 neque
462 2545 575 2572 tamen
592 2539 627 2571 id
645 2539 805 2573 iustificat
822 2552 938 2573 coram
954 2539 1041 2573 Deo.
1192 2543 1196 2592 J

225 2652 253 2684 ss)
272 2650 372 2677 Addidi
392 2658 474 2682 usus,
502 2650 578 2685 quod
595 2649 720 2676 excidisse
739 2651 912 2678 manifestum
933 2657 979 2678 est.

945 102 1428 142 DISPUTATIONES

191 197 279 231 turis
303 195 385 235 Dei,
418 205 487 237 quo
511 203 588 224 cum
613 189 802 233 gratiarum
827 189 963 223 actione
985 191 1037 224 uti
1061 192 1167 225 debe-
1188 200 1193 238 p

2119 112 2193 148 696

1317 189 1446 222 Paulus
1461 191 1645 236 praecipit,
1671 194 1843 229 secundae
1859 193 2016 232 Timoth.
2031 198 2195 237 secundo,

1217 239 1440 285 ὀρθοτομεΐν
1463 241 1607 274 verbum
1630 244 1797 278 veritatis.
1853 243 1935 278 Ideo
1959 253 1991 279 et
2013 248 2116 280 nobis
2139 259 2196 280 ca-

1217 291 1371 323 vendum
1392 297 1459 329 est,
1487 302 1531 323 ne
1551 293 1757 328 misceamus
1773 293 2006 338 Evangelium
2024 303 2057 330 et
2074 295 2197 330 Philo-

1219 338 1393 383 sophiam:
1422 348 1481 374 aut
1499 338 1590 375 hanc
1604 344 1810 378 damnemus
1828 357 1864 378 ea
1882 358 1920 378 ex
1936 353 2034 390 parte
2052 358 2119 391 qua
2135 348 2198 379 ad-

1219 391 1344 434 probat
1366 402 1442 423 eam
1457 390 1563 426 Deus.
1614 392 1799 428 Postremo
1823 393 1889 428 hoc
1910 397 2070 429 omnium
2087 397 2198 428 maxi-

1220 452 1275 473 me
1298 441 1402 474 refert
1425 442 1628 481 admoneri,
1656 445 1751 488 quod
1773 445 1939 478 facillime
1961 447 2050 480 ratio
2066 446 2199 490 decipi-

1222 497 1296 528 tur,
1324 497 1364 523 ut
1385 493 1593 525 assentiatur
1613 493 1838 537 incompertis
1853 502 1886 528 et
1901 496 2014 537 falsis,
2038 497 2142 530 etiam
2160 496 2199 530 in

1222 541 1456 574 diiudicandis
1486 544 1707 577 naturalibus
1736 545 1856 585 rebus,
1897 552 1929 578 et
1952 547 2060 580 multa
2083 547 2201 590 turpia

1223 598 1342 624 contra
1367 598 1526 625 naturam
1550 595 1693 636 probat,
1727 595 1868 638 quando
1891 607 1963 628 non
1986 596 2201 638 gubernatur

1223 643 1328 674 verbo
1346 640 1423 676 Dei.
1476 641 1531 675 Ad
1549 642 1730 677 Romanos
1750 645 1881 688 primo:
1910 646 2134 678 obscuratum
2152 653 2202 678 est

1224 692 1393 735 insipiens
1417 704 1476 724 cor
1501 704 1640 735 eorum,
1667 695 1764 728 item:
1792 695 1937 728 tradidit
1960 696 2038 728 illos
2052 694 2146 729 Deus
2164 696 2201 728 in

1224 743 1411 786 reprobum
1436 754 1587 778 sensum.
1640 743 1725 777 Item
1750 746 1920 778 secundae
1939 743 2063 779 Thess.
2079 757 2205 779 secun-

1225 792 1286 824 do:
1323 792 1430 824 mittit
1459 793 1529 824 illis
1552 792 1646 826 Deus
1676 794 1847 827 efficacem
1871 796 2130 839 deceptionem,
2165 802 2204 829 ut

1225 843 1367 875 credant
1389 843 1586 876 mendacio.
1640 843 1727 877 Item
1744 844 2018 878 Proverbiorum
2038 846 2202 879 vicesimo

1226 904 1336 925 nono:
1365 904 1443 925 cum
1465 893 1628 926 defecerit
1645 892 1829 938 prophetia
1848 895 2075 938 dissipabitur
2091 907 2204 939 popu-

1224 942 1290 977 lus.
1342 940 1450 975 Cuius
1464 943 1514 975 rei
1529 944 1640 977 multa
1656 945 1812 988 exemplo
1828 945 1988 978 videmus
2004 947 2042 977 in
2058 945 2118 984 iis,
2145 946 2206 990 qui

1226 992 1372 1024 laudant
1402 1003 1478 1030 eos,
1513 994 1572 1036 qui
1603 994 1670 1026 sibi
1696 1001 1844 1027 mortem
1871 995 2134 1036 consciverunt,
2166 1002 2206 1028 ut

1227 1041 1356 1074 Seneca
1391 1041 1641 1075 „Marcellinum
1672 1045 1846 1087 quendam
1878 1046 2069 1087 praedicat,
2113 1046 2205 1077 libro

1226 1091 1453 1133 epistolarum
1485 1092 1676 1127 undicimo.
1738 1091 1785 1126 Et
1813 1105 1917 1137 quam
1950 1095 2059 1127 multa
2085 1101 2208 1127 contra

1225 1146 1386 1172 naturam
1407 1138 1581 1181 Diogenes
1605 1141 1741 1181 fecerit,
1773 1148 1895 1174 notum
1919 1149 1978 1176 est.
2039 1141 2207 1176 Ostendit

1226 1195 1340 1222 autem
1359 1187 1453 1221 Deus
1470 1187 1674 1223 huiusmodi
1691 1188 1877 1224 horribilia
1897 1192 2070 1234 exempla,
2096 1199 2135 1225 ut
2152 1193 2209 1225 in·-

1226 1239 1333 1272 cutiat
1358 1239 1461 1271 nobis
1482 1246 1633 1279 metum,
1660 1252 1703 1273 ne
1722 1241 1871 1274 nimium
1891 1242 2105 1275 confidamus
2122 1243 2208 1275 viri-

1226 1289 1292 1321 bus
1307 1295 1446 1321 nostrae
1464 1289 1621 1328 rationis,
1648 1297 1679 1323 et
1695 1297 1735 1324 ut
1751 1291 1860 1324 verbo
1877 1302 1939 1325 suo
1957 1292 2076 1325 doceri
2092 1299 2125 1325 et
2135 1293 2208 1334 regi

1226 1350 1289 1372 nos
1303 1339 1488 1382 patiamur.
1540 1339 1648 1372 Finis.

1226 1445 1342 1493 (VI.)
1386 1448 1506 1482 Alia.
1567 1447 1651 1491 (De
1681 1448 1883 1484 haereticis
1909 1449 2115 1494 puniendis
2140 1461 2209 1495 per

1567 1498 1869 1544 Mayistratnm.)

1386 1546 1488 1593 (Opp.
1504 1549 1648 1580 Melanth.
1664 1550 1755 1581 Basil.
1777 1551 1815 1582 T.
1832 1551 1888 1582 ΠΙ.
1911 1563 1941 1591 p.
1959 1553 2048 1591 324.)

1227 1632 1396 1680 Regnum
1414 1635 1547 1671 Christi
1571 1638 1671 1672 affert
1689 1650 1743 1672 res
1762 1646 1939 1678 aeterum,
1966 1641 2210 1674 remissionem

1226 1694 1467 1732 peccatorum,
1502 1688 1670 1721 iustitiam
1699 1695 1876 1722 aeternam
1906 1697 1939 1723 ct
1962 1690 2071 1723 vitam
2094 1697 2205 1724 aeter-

1227 1749 1327 1777 nam,
1354 1744 1387 1770 et
1410 1737 1677 1770 administratur
1698 1744 1835 1772 tantum
1858 1740 1965 1772 verbo
1989 1740 2065 1773 sine
2081 1741 2116 1773 vi
2132 1753 2209 1775 cor-

1226 1787 1356 1831 porali:
1384 1786 1518 1830 alioqui
1534 1787 1628 1818 enim
1646 1787 1853 1822 dissolveret
1869 1787 2102 1833 Evangelium
2120 1802 2209 1824 sem—

1228 1849 1289 1882 per
1306 1843 1501 1880 praesentes
1516 1836 1666 1879 politias.

1329 1885 1493 1929 Regnum
1520 1886 1700 1930 corporale
1724 1886 1825 1920 affert
1841 1898 1895 1920 res
1912 1891 2127 1933 corporales,
2155 1893 2209 1924 di-

1227 1937 1411 1981 sciplinam
1430 1934 1625 1976 honestam,
1654 1948 1774 1981 pacem
1789 1938 1981 1981 publicam,
2006 1946 2039 1974 et
2052 1938 2210 1975 cohercet

1227 1988 1261 2019 vi
1282 1987 1466 2029 corporali.

1328 2036 1447 2079 Quare
1464 2034 1661 2081 Episcopus
1679 2039 1985 2073 excommunicans
2001 2052 2114 2086 neque
2130 2053 2209 2086 pos-

1227 2087 1396 2121 sessiones
1423 2099 1534 2131 neque
1560 2087 1691 2121 vietum
1715 2100 1829 2133 neque
1851 2101 1978 2134 corpus
1993 2102 2105 2136 neque
2122 2093 2208 2125 civi—

1226 2138 1294 2171 lem
1310 2137 1506 2170 societatem
1523 2137 1638 2181 eripit.

1327 2187 1399 2220 Nec
1430 2187 1489 2221 dat
1518 2185 1753 2231 Evangelium
1785 2195 1991 2231 potestatem
2023 2187 2207 2234 Episcopis

1226 2238 1462 2272 constituendi
1486 2244 1548 2271 aut
1571 2238 1662 2281 leges
1686 2238 1823 2272 ferendi
1849 2240 1892 2272 de
1915 2239 2019 2272 rebus
2043 2240 2206 2274 civilibus

1225 2296 1284 2323 aut
1302 2288 1417 2331 regnis
1434 2288 1570 2322 mundi.

1327 2337 1426 2372 Sicut
1440 2345 1592 2382 potestas
1608 2337 1721 2371 civilis
1733 2350 1797 2383 pro
1809 2337 1923 2371 officio
1937 2349 2000 2373 suo
2013 2340 2113 2374 debet
2125 2353 2206 2384 pro-

1225 2388 1345 2422 hibere
1373 2389 1576 2429 latrocinia,
1604 2389 1718 2429 furta,
1745 2395 1777 2421 et
1800 2387 1929 2422 similia
1952 2396 2093 2424 externa
2117 2392 2207 2424 deli-

1223 2447 1274 2472 cta
1286 2466 1294 2480 ,
1321 2439 1512 2483 pugnantia
1532 2451 1611 2473 cum
1628 2438 1778 2471 secunda
1796 2438 1934 2479 tabula,
1962 2440 2007 2474 ita
2026 2442 2129 2475 debet
2147 2453 2204 2474 ex-

1223 2497 1321 2522 terna
1349 2490 1474 2523 delicta
1506 2488 1698 2533 pugnantia
1732 2499 1810 2521 cum
1843 2489 1955 2531 prima
1977 2491 2096 2525 tabula
2121 2503 2204 2534 pro-

1223 2538 1344 2573 hibere
1373 2546 1407 2573 et
1438 2540 1581 2583 punire,
1619 2538 1707 2571 sicut
1742 2536 1995 2582 blasphemias,
2031 2541 2202 2576 violatum

1222 2590 1486 2631 iusiurandum,
1519 2588 1642 2632 impias
1670 2587 1940 2632 imprecationes
1961 2597 2024 2625 etc.
2052 2592 2133 2637 quia
2157 2593 2202 2625 de

1220 2647 1291 2675 tota
1308 2641 1381 2684 lege
1399 2640 1529 2674 dictum
1547 2645 1611 2673 est:
1640 2638 1692 2671 lex
1707 2646 1756 2673 est
1772 2640 1911 2674 iniustis
1928 2641 2051 2684 posita.
