2324 2955
181 130 251 169 251
634 119 790 156 DECL.
833 116 904 153 DE
937 116 1176 153 STUDIIS

188 215 373 252 lumniosis
387 207 674 246 insectationibus
691 211 723 238 et
735 204 907 248 corruptis
920 203 1058 236 iudiciis
1071 203 1168 236 rudis

190 275 222 302 et
252 267 407 308 ingratae
439 257 698 296 multitudinis,
743 267 831 300 quae
865 255 892 286 si
927 254 1168 296 redarguenda

191 317 442 360 susciperemus
459 317 519 343 aut
535 306 760 346 confutanda,
782 317 904 338 vereor
921 316 964 337 ne
981 305 1086 348 paulo
1104 305 1170 337 mi-

192 380 258 402 nus
290 365 519 400 efficeremus,
553 370 657 404 quam
687 357 778 400 apud
809 356 944 388 asinum
970 355 1172 398 proficiebat

191 419 267 455 ille,
293 416 336 447 de
360 425 428 457 quo
454 412 490 444 in
509 408 695 453 proverbio
712 407 856 440 dicitur:
885 405 960 451 ὄνῳ
976 403 1030 443 τίς
1043 404 1172 449 μῦθον
1198 422 1200 447 '‚

192 468 303 513 ἔλεγε,
338 461 399 497 ὅδε
423 460 467 495 τὰ
493 457 570 494 ὦτα
595 457 713 493 ἐκίνει.
774 456 895 491 Utrem
919 457 1011 489 enim
1038 468 1098 499 pro
1124 456 1172 489 ci-

190 517 289 552 thara
312 514 437 557 gaudet
461 510 588 545 habere
614 509 741 543 Midas.

193 564 417 615 λογουλιιίιής
439 560 585 601 ἀνοίας,
613 557 721 595 οὐδὲν
741 556 787 591 ἂν
805 556 934 592 καινὸν
953 556 1093 604 λέγοιτο
1109 555 1174 599 τίς,

194 626 231 652 ut
255 617 346 661 apud
370 612 605 647 Thucididem
630 609 831 644 Alcibiades
856 609 983 653 inquit.

195 669 309 714 quatis
334 673 366 699 et
390 662 581 709 hypocritis
605 673 683 695 suas
700 660 859 699 delicias,
887 660 1015 703 quibus
1034 666 1066 692 et
1084 659 1177 691 dele-

197 726 336 753 ctantur
360 715 523 752 mirifice,
558 720 589 745 et
614 724 685 746 sese
711 723 772 743 ceu
798 710 969 752 saginant.
1028 707 1075 742 Et
1099 709 1178 754 qui—

198 772 277 804 dem
298 768 326 801 si
346 761 594 810 δηχιιοκόλακες
610 763 661 795 illi
679 767 858 806 parcerent
876 760 1013 793 veritati
1029 759 1180 799 coelesti,

197 820 297 854 facile
315 824 511 862 pateremur
527 826 584 847 eos
598 813 668 846 frui
685 811 935 845 blandimentis
953 823 1033 844 suae
1050 810 1180 843 scurri-

199 870 305 904 litatis
321 879 399 901 cum
416 879 454 899 ea
476 866 666 908 voluptate,
693 875 798 907 quam
815 863 897 894 inde
913 861 980 895 sibi
994 861 1181 900 somniant,

199 921 252 954 vel
273 920 315 952 ad
337 918 529 951 satietatem
550 926 678 959 usque,
705 926 742 946 ac
762 913 902 946 titillare
922 920 995 946 tum
1015 923 1087 945 sese
1104 923 1181 944 mu-

199 980 258 1005 tuo
283 970 374 1002 inter
397 980 453 1007 se,
480 974 554 1000 tum
579 966 722 998 affectus
744 964 796 996 sui
815 961 962 1003 theatri,
990 963 1044 996 cui
1064 973 1182 995 assen-
1207 967 1209 975 ¹

199 1028 319 1055 tantur
342 1018 568 1051 insectatione
592 1017 766 1048 bonorum
787 1014 964 1053 virorum,
991 1025 1029 1046 ac
1046 1013 1182 1055 vitupe-
1208 1027 1210 1039 ε

200 1073 252 1106 rio
275 1070 487 1113 optimarum
513 1067 660 1105 artium,
687 1064 770 1102 ὄνος
794 1063 867 1111 γὰρ
894 1064 968 1109 ὄνῳ
990 1060 1184 1098 κάλλιστον
1208 1077 1210 1080 ⁴

200 1120 261 1157 καὶ
278 1122 342 1158 σῦς
360 1116 432 1153 συί.
483 1117 550 1151 Sed
568 1115 622 1148 his
640 1128 710 1148 non
727 1127 834 1157 magis
853 1114 1063 1147 moveamini
1081 1126 1184 1158 quam

202 1173 328 1206 artium
353 1171 507 1213 ipsarum
534 1167 722 1209 dignitate,
760 1166 898 1208 publica
923 1165 1072 1198 utilitate
1098 1176 1185 1208 quae
1210 1173 1211 1190 t

201 1224 284 1256 inde
303 1220 479 1253 uberrima
499 1217 730 1262 proficiscitur
748 1228 786 1248 ac
804 1223 941 1255 manat,
970 1222 1002 1248 et
1020 1215 1184 1247 mandato
1210 1230 1213 1236 ·

203 1273 343 1309 divino,
371 1282 409 1302 ac
427 1268 606 1313 praestetis
624 1278 684 1299 vos
705 1264 888 1307 ἀκροατὰς
905 1263 1096 1311 γνησίους,
1126 1261 1185 1296 καὶ
1212 1267 1213 1294 ἱ

203 1323 247 1358 οὔ
268 1319 423 1359 νόθοι-ς,
452 1320 486 1351 id
504 1325 573 1354 est,
601 1316 841 1361 (stiofluczffleig,
865 1311 1186 1371 ’φλογὶ-,ιιναστάὣ
1210 1323 1214 1340 t

205 1367 420 1420 φιληκόοις,
454 1363 682 1414 φιλοθήροις
711 1364 769 1398 καὶ
798 1376 1010 1420 Ιιιιί,,ιίοι’(ι,“,
1047 1359 1188 1407 {ugr-ri-

205 1435 312 1466 κους,
340 1416 524 1465 ἀκράτους
541 1415 598 1451 καὶ
618 1413 738 1449 πάντα
757 1417 989 1460 <pm-wrong.

307 1472 384 1506 Etsi
407 1477 522 1503 autem
547 1469 676 1511 absque
697 1465 793 1498 omni
811 1465 920 1497 dubio
940 1472 973 1497 et
989 1465 1107 1496 innata
1124 1474 1189 1494 no-

205 1526 259 1559 bis
289 1523 401 1567 prima
427 1518 552 1552 harum
581 1517 707 1549 artium
737 1515 927 1557 principia,
960 1525 1044 1558 quas
1066 1510 1192 1551 κοινὰς

208 1576 349 1611 ἓίἰόιας
373 1576 517 1608 vocant,
553 1567 642 1600 radii
667 1572 747 1598 suut
769 1565 959 1607 sapientiae
984 1564 1124 1596 divinae
1149 1563 1191 1595 de
1215 1568 1217 1593 ζ

208 1633 348 1659 aeterna
370 1622 445 1654 luce
472 1620 508 1651 in
536 1618 671 1650 animos
698 1622 836 1648 nostros
860 1615 1043 1655 transfusi,
1075 1621 1103 1646 et
1131 1614 1192 1645 de-

208 1673 480 1709 monstrationes
500 1670 582 1701 inde
600 1674 716 1700 erutae
735 1679 772 1699 ac
794 1673 1000 1708 propagatae
1018 1672 1099 1697 sunt
1117 1675 1192 1696 cer·
1216 1675 1218 1691 ’-

209 1726 340 1760 tissima
373 1730 474 1766 atque
503 1721 647 1752 immota
674 1717 819 1756 veritas,
852 1728 954 1760 quam
981 1715 1098 1758 generi
1126 1711 1193 1746 hu-

209 1788 314 1810 mano
344 1773 438 1806 Deus
479 1776 597 1803 notam
639 1780 727 1807 esse,
772 1774 803 1800 et
842 1768 884 1799 de
923 1778 983 1799 sua
1023 1765 1192 1809 sapientia

211 1826 327 1861 testari
352 1820 639 1864 irrefragabiliter
658 1819 787 1859 voluit,
816 1824 930 1850 tamen
951 1829 1027 1849 cum
1047 1816 1132 1849 utile
1151 1815 1193 1847 sit

211 1877 450 1911 considerare,
478 1872 604 1916 quibus
630 1869 743 1902 modis
766 1869 856 1901 inter
881 1865 1074 1900 horrendas
1094 1866 1193 1899 colli-

212 1929 326 1962 siones
352 1933 384 1959 et
410 1924 522 1957 tristes
547 1921 667 1954 ruinas
685 1931 884 1952 eversorum
907 1918 1136 1961 imperiorum
1158 1928 1194 1948 ac

212 1979 405 2012 deletarum
423 1971 798 2015 Rerumpublicarum:
826 1975 877 2002 tot
900 1969 1057 2001 millibus
1081 1979 1194 1999 anno—

212 2041 289 2062 rum
310 2025 394 2060 haec
411 2023 525 2057 studia
534 2021 629 2054 Deus
645 2020 771 2053 foverit
789 2032 827 2052 ac
844 2019 1069 2057 conservarit,
1096 2029 1195 2061 saepe

214 2078 393 2123 profligata
417 2073 606 2111 revocarit,
641 2071 794 2115 proiecta
821 2071 1025 2114 desertaque
1049 2069 1197 2102 resusci-

214 2130 292 2164 tarit
312 2140 349 2161 ac
364 2124 572 2160 restituerit,
600 2134 708 2166 pauca
726 2121 896 2165 quaedam
915 2122 956 2153 de
975 2120 1115 2153 sedibus
1131 2116 1198 2151 ho-
1222 2130 1223 2135 ¹

216 2192 293 2212 rum
317 2190 354 2210 ac
377 2175 571 2209 cultoribus
598 2186 637 2206 ex
662 2170 820 2205 historiis
847 2178 1009 2213 repetam.
1073 2169 1197 2204 Studia

218 2230 309 2262 enim
341 2234 376 2260 ut
408 2225 553 2268 imperia
583 2231 615 2257 et
641 2221 874 2266 Respublicae
900 2218 994 2255 κατὰ
1017 2218 1119 2259 τίνας
1142 2233 1198 2254 τε-

219 2277 402 2326 ταγμένας
426 2272 617 2318 περιόδους
642 2272 697 2318 (ut
721 2272 926 2305 Aristoteles
951 2270 1086 2316 inquit)
1111 2283 1199 2315 quae

220 2316 418 2363 admirabili
445 2333 477 2359 et
501 2337 626 2357 arcano
651 2323 798 2357 consilio
821 2321 916 2355 Deus
940 2323 1134 2365 dispensat,
1169 2328 1198 2353 et

221 2381 318 2414 sedes
338 2384 469 2410 mutant
489 2383 590 2419 atque
611 2373 782 2418 hospitia,
810 2380 841 2406 et
861 2373 1081 2416 praecipitata
1102 2384 1199 2404 ever—
1224 2393 1226 2396 >

220 2442 324 2474 saque
354 2428 561 2465 concidunt,
601 2433 632 2458 et
660 2430 846 2467 resurgunt
878 2424 1066 2457 instaurata
1098 2429 1199 2467 atque

221 2481 441 2514 efflorescunt
456 2504 464 2517 ,
492 2483 523 2509 et
546 2476 738 2508 recollectis
762 2475 977 2519 receptisque
999 2474 1131 2506 viribus
1148 2473 1201 2504 vi-

222 2538 303 2574 gent
333 2527 538 2573 aliquandiu
565 2534 664 2570 atque
689 2526 901 2566 consistunt,
936 2525 1027 2569 quod
1055 2523 1198 2567 repetita

222 2582 305 2615 inde
321 2591 431 2624 usque
447 2579 489 2610 ab
508 2577 607 2609 initio
625 2576 729 2608 series
748 2574 972 2609 historiarum
990 2576 1099 2607 docet.
1137 2573 1200 2608 Sa-

223 2643 358 2666 crarum
387 2630 568 2662 literarum
597 2627 826 2659 vetustissima
852 2639 889 2659 ac
912 2626 1100 2659 certissima
1127 2637 1201 2656 mo-

223 2688 387 2715 numenta
407 2679 554 2724 primam
572 2676 746 2710 Ecclesiae
765 2678 876 2709 sedem
889 2705 896 2716 ,
926 2677 959 2709 in
978 2688 1044 2721 qua
1061 2676 1202 2709 suerunt

794 505 885 541 ἀλλὰ
906 505 967 541 καὶ
988 505 1068 551 περὶ
1086 504 1174 551 ὁμο-
1200 526 1201 530 =

1049 607 1176 642 Retin-
1201 603 1203 608 ’

1213 116 1337 153 VET.
1372 115 1720 155 PHILOSOPH.
2130 119 2203 157 252

1238 203 1332 238 ancti
1362 210 1494 247 patres,
1526 204 1725 249 artiumque
1754 201 1977 249 physicarum
2009 212 2042 239 et
2070 203 2205 240 mathe-

1220 255 1427 288 maticarum
1446 253 1593 296 patriam
1614 255 1761 297 primam
1778 254 1953 288 collocant
1969 255 2004 287 in
2023 267 2063 288 eo
2081 256 2207 289 mundi

1196 326 1197 352 3
1223 305 1370 348 angulo,
1398 304 1457 348 qui
1482 303 1576 336 velut
1598 305 1787 339 umbilicus
1812 305 1942 348 cogniti
1962 306 2138 339 veteribus
2154 313 2208 340 at-

1225 368 1292 400 que
1329 353 1476 387 habitati
1509 354 1604 387 orbis
1635 356 1930 399 complectebatur
1963 354 2210 396 Palaestinam,

1226 404 1427 439 Phoenicen
1461 411 1493 437 et
1517 403 1726 449 Aegyptum.
1785 405 1838 439 Ex
1867 418 1906 440 eo
1938 418 2016 439 cum
2050 407 2208 439 deductis

1227 457 1308 489 inde
1332 455 1481 488 coloniis
1503 467 1541 487 ac
1560 455 1756 489 distributis
1775 456 1813 488 in
1832 463 2002 489 terrarum
2022 458 2141 490 orbem
2160 457 2211 489 fa-

1200 537 1201 547 ,
1227 506 1353 546 mihis,
1380 507 1473 550 quod
1497 513 1704 539 crescentem
1728 506 1865 549 generis
1886 504 2032 540 humani
2050 507 2212 541 multitu-

1201 582 1202 585 *
1228 559 1345 590 dinem
1371 556 1436 589 loci
1459 557 1617 599 angustia
1641 568 1713 588 non
1741 563 1895 600 caperet,
1930 557 2060 590 semina
2086 555 2210 590 harum

1201 615 1203 627 ¹
1229 610 1356 642 artium
1388 607 1492 639 simul
1525 614 1638 640 evecta
1664 619 1752 647 esse,
1786 614 1817 640 et
1844 607 2000 650 plantata
2028 616 2104 651 post
2129 608 2212 640 alibi

1202 649 1205 701 ἑ
1230 666 1333 704 atque
1350 657 1482 690 exculta
1501 657 1646 690 minime
1665 659 1851 690 obseurum
1871 664 1933 691 est.

1203 710 1207 776 l
1332 724 1433 759 Certe
1458 725 1484 757 si
1508 724 1563 756 vel
1587 730 1756 757 vetustate
1781 725 1977 766 obsoletae,
2012 725 2066 758 vel
2093 736 2214 758 corru-

1204 782 1207 814 t
1233 776 1333 821 ptelis
1357 775 1570 808 deformatae
1596 774 1897 817 periclitarentur,
1935 776 2016 808 inde
2042 776 2216 809 restitutas

1204 815 1208 880 ἱ
1233 839 1303 861 esse
1315 825 1532 859 Graecorum
1551 830 1722 858 testantur
1737 832 1914 866 annotata,
1942 839 2030 871 quae
2049 833 2217 859 vetustate

1206 881 1209 921 ξ
1233 877 1372 911 biblicis
1398 873 1554 910 historiis
1576 875 1731 919 proxima
1750 882 1841 911 sunt.
1894 875 2084 921 Praecipua
2101 883 2216 910 autem

1207 942 1209 962 :
1234 928 1464 962 astronomica
1511 933 1541 959 et
1584 923 1801 959 arithmetica
1840 927 1983 959 inventa
2026 926 2218 971 Aegyptiis,

1207 978 1209 1021 l
1235 978 1443 1022 geometrica
1489 975 1727 1010 Phoenicibus
1774 977 1991 1012 tribuuntur.
2065 976 2219 1020 Collegia

1236 1030 1327 1062 enim
1354 1029 1571 1061 sacerdotum
1595 1027 1690 1060 velut
1712 1024 1850 1061 scholae
1873 1028 2032 1072 publicae
2054 1029 2218 1060 mandato

1209 1106 1210 1110 ,
1237 1079 1467 1123 institutoque
1486 1078 1608 1111 divino
1626 1077 1661 1109 in
1679 1076 1894 1119 Palaestina,
1922 1078 2080 1121 exemplo
2098 1077 2219 1110 Palae-

1210 1138 1211 1166 ]
1237 1131 1430 1167 stinorum,
1458 1129 1513 1162 vel
1537 1128 1646 1161 veteri
1671 1129 1788 1171 potius
1814 1129 2069 1162 consuetudine
2086 1140 2126 1160 ex
2142 1140 2222 1160 san-

1238 1189 1372 1214 ctorum
1410 1186 1547 1223 patrum
1581 1179 1782 1212 inveteratis
1813 1180 1958 1212 deducta
1995 1179 2154 1211 moribus
2185 1179 2221 1210 in

1238 1230 1414 1275 Aegypto,
1443 1242 1520 1262 cum
1545 1229 1726 1271 religionis
1753 1236 1783 1261 et
1810 1241 1988 1262 sacrorum
2015 1241 2094 1262 cura
2111 1229 2224 1261 medi-

1212 1304 1213 1318 i
1238 1292 1296 1313 cae
1319 1280 1402 1312 artis
1425 1279 1678 1321 professionem
1698 1285 1799 1321 atque
1817 1280 1977 1311 exercitia
1998 1286 2029 1311 et
2050 1279 2223 1312 culturam

1239 1326 1565 1361 mathematicarum
1589 1326 1855 1370 disciplinarum
1880 1339 2015 1371 semper
2034 1328 2226 1361 coniunxe—

1241 1385 1341 1415 runt,
1369 1377 1628 1421 exploratisque
1653 1384 1812 1410 accurata
1835 1385 1868 1411 et
1891 1378 2026 1411 intenta
2047 1379 2227 1412 notatione

1213 1445 1216 1471 g
1241 1429 1400 1462 cursibus
1422 1428 1617 1467 luminum,
1651 1427 1735 1459 anni
1761 1429 1934 1459 rationem
1959 1429 2227 1471 descripserunt,

1241 1486 1274 1511 et
1298 1485 1408 1511 metas
1432 1477 1711 1517 constituerunt,
1746 1489 1784 1509 ac
1810 1484 1986 1511 menstrua
2007 1478 2227 1520 digesserunt

1215 1536 1398 1571 ,tempora
1429 1528 1464 1560 in
1497 1527 1570 1559 dies
1600 1527 1724 1567 sestoS,
1758 1534 1791 1560 et
1822 1539 1945 1571 operas
1972 1529 2227 1571 oeconomicas,

1215 1612 1217 1632 t
1242 1580 1470 1623 docendoque
1490 1575 1574 1610 haec
1592 1577 1705 1610 studia
1725 1585 1989 1611 conservarunt.

1345 1644 1402 1678 Ab
1425 1643 1480 1678 his
1501 1645 1662 1688 gentibus
1687 1646 1727 1677 ad
1747 1645 1832 1677 alias
1854 1646 1937 1678 anni
1957 1646 2226 1690 descriptionem

1243 1697 1445 1735 defluxisse,
1473 1703 1504 1728 et
1528 1708 1567 1728 ex
1585 1693 1708 1728 harum
1728 1696 1920 1729 observatis
1938 1703 2041 1742 atque
2058 1697 2228 1732 institutis

1244 1754 1432 1781 correctam
1459 1758 1546 1786 esse,
1575 1753 1677 1790 atque
1701 1747 1741 1778 ad
1769 1746 1876 1780 iustas
1897 1754 2004 1781 metas
2021 1755 2229 1788 revocatam,

1245 1799 1272 1831 si
1295 1798 1437 1843 quando
1464 1797 1653 1829 aberrasset
1681 1803 1876 1840 temporum
1903 1798 2002 1842 lapsu
2028 1810 2230 1842 progressu-

1245 1861 1329 1894 que,
1357 1859 1528 1881 consensu
1545 1845 1770 1880 historiarum
1787 1848 1946 1881 omnium
1966 1856 2097 1882 certum
2119 1857 2179 1884 est.

1348 1914 1545 1960 Aegyptum
1567 1927 1648 1947 vero
1667 1927 1771 1959 quam
1786 1923 1919 1949 exterae
1931 1923 2051 1958 gentes
2064 1918 2230 1962 frequen-

1220 1996 1221 2002 ,
1248 1967 1315 1999 tius
1348 1966 1511 1998 adierunt
1540 1966 1743 2013 studiorum·
1767 1978 1886 2005 causa,
1930 1966 2084 2000 Graecae
2112 1968 2229 2001 literae

1220 2044 1222 2051 .
1248 2018 1356 2059 magis
1386 2017 1573 2050 celebrant.
1640 2016 1691 2050 De
1725 2018 2018 2051 medicationibus
2050 2017 2231 2064 Aegyptiis

1247 2067 1392 2101 Homeri
1417 2079 1557 2100 carmen
1581 2074 1702 2100 notum
1729 2076 1788 2102 est.
1842 2067 1889 2101 Et
1909 2069 2161 2102 vetustissimos
2178 2081 2232 2101 re-

1248 2131 1305 2161 ges
1338 2118 1524 2152 Sesostrim
1557 2130 1666 2151 unum
1701 2117 1876 2162 Aphrica‚
1911 2120 2058 2152 alterum
2089 2117 2232 2151 Thulen

1249 2168 1389 2213 Europa
1409 2176 1587 2212 peragrata
1606 2181 1643 2201 ac
1658 2169 1963 2212 circumnavigata,
1988 2170 2087 2202 illum
2101 2167 2232 2213 Aphri-

1249 2233 1343 2259 cam,
1371 2217 1464 2252 hunc
1482 2217 1659 2262 Europam
1680 2220 1827 2253 describi
1848 2227 1881 2253 et
1899 2220 1988 2265 typis
2005 2220 2141 2262 effingi,
2170 2233 2233 2264 po-

1250 2278 1358 2303 steros
1384 2282 1465 2302 vero
1492 2270 1704 2303 accuratiore
1727 2271 1843 2303 studio
1867 2271 1973 2303 totius
1991 2277 2101 2303 terrae
2121 2272 2233 2303 ambi-

1250 2329 1323 2355 tum
1348 2333 1386 2354 ac
1409 2328 1531 2361 metas,
1559 2321 1672 2364 spacia
1689 2321 1794 2353 maris
1812 2321 1917 2353 infusi
1936 2321 1971 2353 in
1991 2328 2116 2354 terram
2130 2347 2138 2359 ‚
2166 2321 2234 2354 ssu-

1251 2373 1386 2404 minum
1409 2372 1522 2404 sontes
1545 2379 1577 2405 et
1601 2383 1738 2411 cursus,
1766 2371 1947 2413 regionum
1974 2372 2174 2409 intervalla,
2202 2379 2234 2406 et

1251 2423 1394 2455 urbium
1418 2422 1608 2465 insignium
1634 2422 1728 2461 loca,
1755 2429 1931 2464 praeterea
1954 2423 2042 2455 coeli
2067 2429 2099 2456 et
2118 2422 2234 2456 stella-

1252 2486 1327 2506 rum
1352 2473 1478 2515 figuras
1502 2473 1688 2517 exquisitas
1714 2472 1854 2515 depingi
1874 2473 2019 2513 tabulis,
2046 2473 2130 2506 etin
2148 2480 2235 2506 tem-

1253 2524 1317 2567 plis
1351 2536 1388 2556 ac
1421 2523 1626 2556 firmissimis
1658 2522 1795 2555 arcibus
1827 2523 1954 2567 deponi
1989 2523 2234 2567 adservarique

1252 2586 1407 2613 curasse,
1443 2587 1520 2607 cum
1547 2573 1628 2605 alibi
1655 2580 1727 2605 tuin
1753 2573 1787 2605 iu
1817 2573 2056 2614 Argonautico
2080 2574 2233 2607 carmine

1253 2625 1459 2659 ostenditur.
1513 2622 1660 2657 Addunt
1677 2621 1740 2656 boc
1757 2624 1833 2662 alii,
1862 2622 2004 2657 Thulen
2020 2636 2132 2667 regem
2151 2625 2234 2657 ulti-

1254 2688 1343 2707 mam
1371 2674 1589 2719 pervestigati
1607 2686 1623 2706 a
1641 2686 1713 2708 sese
1726 2675 1974 2719 septentrionis
1992 2676 2141 2709 insulam
2158 2681 2234 2708 tan-
