2324 2955
208 121 256 154 47
936 116 1095 152 DECL.
1136 116 1209 154 DE

310 203 399 239 Cum
419 211 533 238 autem
559 204 595 235 in
613 201 666 235 his
686 202 928 245 congressibus
946 210 1008 237 aut
1026 201 1192 237 historiae
1215 202 1219 238 ἶ

211 257 421 295 recitentur,
444 261 501 287 aut
518 253 650 297 aliquid
670 265 709 285 cx
726 253 860 286 artibus
877 254 1070 295 adferatur,
1098 255 1191 299 quod

212 306 384 340 iuventuti
420 304 582 348 prodesse
607 303 766 344 videtur,
802 304 912 347 delegi
937 312 1194 347 argumentum,
1216 312 1219 355 ἱ

211 359 247 390 iu
273 369 341 401 quo
366 356 406 387 ad
438 352 621 386 historiam
646 354 808 387 adiuncta
834 362 884 389 est
905 355 1193 388 commone-factio
1216 361 1218 370 ⁴

210 408 306 440 utilis
341 405 529 438 iuventuti:
572 411 604 437 et
635 411 673 437 ut
704 405 763 436 alii
802 406 844 437 de
869 405 946 438 aliis
974 406 1194 449 principibus

210 458 390 494 dixerunt,
412 456 457 488 ita
475 462 507 488 et
524 466 586 498 ego
603 455 645 487 de
663 449 797 488 vetusto
812 455 968 500 principe
985 454 1122 490 Orione
1140 456 1194 488 di-

211 519 294 541 cam.
355 504 430 538 Etsi
455 512 571 538 autem
593 512 763 539 vetustate
787 507 982 548 argumenti
1001 506 1194 539 calumnias

210 558 360 600 effugere
391 569 446 589 me
477 568 576 599 posse
608 556 821 599 cogitabam,
857 562 973 589 tamen
1002 554 1192 600 reprehen-

210 609 323 641 siones
344 608 567 652 quorundam
583 613 711 640 metuo.
765 605 833 639 Sed
853 613 891 639 ut
908 607 967 640 ille
984 607 1194 651 fortissimus

209 661 280 691 dux
301 657 490 690 Pausanias
514 657 645 701 inquit:
675 657 765 690 Satis
779 663 830 689 est
847 669 902 689 me
920 657 1102 701 Spartanis
1119 658 1194 701 pla-

211 716 345 742 centem
376 708 462 740 iusta
489 708 603 740 dicere
629 714 661 740 ct
676 708 804 747 facere,
829 707 874 739 ita
892 719 955 740 nos
974 708 1192 741 eruditorum

209 767 241 792 et
259 771 422 792 sanorum
443 758 570 790 iudicia
592 757 791 790 intueamur
809 764 842 790 et
859 769 1057 802 sequamur.
1112 758 1193 791 ldco
1217 781 1220 817 Ι

209 817 323 843 autem
344 810 385 841 de
405 806 541 840 Orione
558 808 635 840 dico
648 835 656 848 ‚
684 815 722 841 ut
741 808 940 841 iunioribus
957 809 1021 840 sim
1040 809 1195 842 monitor

209 868 240 893 ct
271 858 446 899 hortator,
486 859 638 901 primum
663 864 702 891 ut
728 865 761 891 et
783 856 849 891 hoc
872 859 968 891 sidus
995 865 1027 892 et
1057 860 1123 892 alia
1157 859 1193 890 in

208 911 304 943 coelo
317 909 598 952 contemplentur
611 935 619 947 ,
647 909 738 952 quod
758 916 796 942 ut
813 909 962 941 libenter
977 916 1009 942 et
1026 921 1124 953 saepe
1143 910 1194 942 sa-

209 962 320 1000 ciant,
348 960 499 992 invitare
526 960 596 1002 ipsa
612 959 791 991 stellarum
813 957 1039 1002 pulchritudo
1060 972 1116 993 eos
1135 961 1194 992 de-

208 1012 323 1044 bebat.
377 1009 513 1042 Deinde
532 1017 569 1042 ut
589 1010 764 1042 intuentes
783 1007 865 1042 haec
884 1008 1119 1053 pulcherrima
1138 1011 1193 1042 lu-

209 1062 319 1097 mina,
356 1061 507 1102 cogitent
536 1061 577 1091 de
602 1066 676 1092 toto
695 1059 777 1091 anni
801 1059 944 1100 ordine,
973 1066 1004 1092 et
1023 1061 1066 1092 de
1084 1060 1194 1092 causis

209 1118 350 1156 propter
367 1122 452 1155 quas
472 1117 503 1143 et
529 1117 726 1153 temporum
745 1116 777 1142 et
795 1121 969 1143 annorum
989 1110 1194 1143 discrimina

206 1162 300 1195 Deus
324 1162 486 1194 conditor
510 1160 601 1194 fecit.
656 1159 817 1204 Denique
835 1167 873 1193 ut
897 1161 933 1193 in
952 1158 1016 1193 'nac
1035 1161 1194 1193 conside-

207 1214 342 1246 ratione
362 1218 549 1254 agnoscant
571 1210 685 1243 Deum
703 1211 940 1252 conditorem,
969 1219 1001 1244 et
1019 1212 1194 1244 celebrent

207 1264 280 1296 eius
303 1262 509 1306 sapientiam
538 1268 570 1294 et
586 1261 795 1301 bonitatem,
824 1274 911 1306 quae
929 1262 1143 1305 conspicitur
1158 1262 1192 1293 in

205 1314 372 1346 varietate
404 1313 652 1345 beneficiorum
685 1312 839 1351 infinita,
881 1312 1009 1356 quibus
1043 1313 1194 1345 ostendit

206 1364 272 1396 sibi
298 1375 398 1396 curae
428 1373 498 1394 csse
529 1373 638 1404 genus
663 1358 870 1395 humanum.
930 1361 1134 1404 Agnoscant
1162 1369 1194 1395 et

206 1409 435 1448 transfudisse
453 1413 490 1444 in
508 1423 573 1444 nos
590 1409 684 1444 hunc
700 1411 891 1454 sapientem
909 1418 941 1443 et
957 1413 1088 1443 iustum
1110 1423 1192 1442 con-

207 1465 357 1498 ditorem
384 1474 465 1496 suae
491 1462 579 1494 lucis
603 1461 737 1499 radios,
772 1460 920 1493 noticias
942 1461 1104 1493 videlicet
1122 1461 1194 1492 dis-

206 1520 386 1548 cernentes
414 1511 573 1545 honestia
601 1518 633 1544 et
650 1511 785 1554 turpia,
820 1522 905 1555 quas
923 1511 997 1544 vult
1014 1523 1084 1543 esse
1104 1511 1194 1543 vitae

207 1576 366 1604 normas,
390 1563 635 1595 etbenesacere
653 1573 732 1593 eum
750 1561 1092 1604 obtemperantibus,
1111 1573 1194 1593 con-

206 1624 257 1649 tra
277 1627 358 1647 vero
376 1620 596 1647 contumaces
613 1609 833 1644 horribiliter
848 1611 975 1646 delere.
1016 1611 1116 1644 Hanc
1132 1624 1193 1643 na-

208 1675 305 1699 turae
330 1664 610 1708 adspcctionem,
643 1668 676 1695 et
710 1661 918 1705 sapientiae,
959 1662 1126 1695 bonitatis
1157 1674 1195 1694 ac

208 1716 364 1749 iusticiac
393 1714 532 1747 divinae
557 1713 872 1745 considerationem
899 1712 994 1745 scitis
1019 1713 1055 1745 in
1081 1713 1193 1756 primo

207 1767 319 1811 capite
337 1767 379 1799 ad
396 1764 577 1799 Romanos
595 1764 772 1796 laudatam
799 1775 880 1796 esse.
934 1763 1007 1796 Nec
1025 1775 1107 1796 vero
1129 1764 1195 1795 du-

206 1819 305 1851 bium
324 1824 373 1850 est
390 1813 478 1848 hanc
498 1816 608 1859 ipsam
625 1815 669 1847 ob
688 1826 842 1855 causam,
869 1821 939 1847 tam
958 1811 1115 1858 pulchris
1140 1814 1194 1846 lu—

208 1868 362 1901 minibus
379 1867 513 1899 coelum
538 1871 701 1898 ornatum
720 1876 809 1903 esse,
839 1871 869 1897 et
888 1871 959 1898 tam
979 1865 1193 1898 concinnum

210 1931 281 1951 0558
310 1918 470 1950 ordinem
500 1923 681 1956 motuum,
716 1922 755 1948 ut
779 1916 822 1948 ad
853 1916 1088 1959 aspectionem
1121 1915 1193 1959 ipsa

207 1966 472 2012 pulchritudine
498 1973 529 1999 et
553 1966 678 1998 ordine
696 1965 936 1998 invitaremur.
988 1965 1112 1999 Dicam
1129 1966 1193 2008 igi-

206 2028 263 2053 tur
281 2020 449 2064 quaedam
468 2018 510 2049 de
529 2014 684 2056 Orione,
721 2015 884 2048 videlicet
903 2022 935 2049 et
950 2016 992 2048 de
1009 2016 1083 2059 ipso
1102 2016 1193 2048 side-

206 2083 261 2110 re,
290 2077 321 2102 et
339 2071 381 2101 de
398 2068 632 2112 appellatione
651 2078 690 2099 ac
706 2066 855 2107 fabulis,
882 2078 969 2111 quae
986 2068 1028 2100 de
1053 2067 1127 2111 ipso
1144 2067 1195 2099 18-

207 2129 336 2162 guntur
355 2120 446 2162 apud
468 2118 603 2151 Po'e'tas.

308 2170 484 2202 Homerus
500 2181 574 2201 non
593 2167 787 2207 subtiliter,
816 2168 874 2200 sed
886 2174 1003 2200 tamen
1018 2175 1057 2201 ut
1073 2168 1195 2201 rudio-

209 2233 262 2254 res
282 2221 457 2259 erudiret,
485 2221 554 2252 duo
579 2218 667 2252 coeli
697 2218 804 2251 latera
828 2218 1006 2259 distinxit,
1038 2225 1194 2251 arctoum

209 2280 239 2305 et
264 2271 507 2303 meridianum.
565 2269 605 2302 In
630 2276 766 2309 arctoo,
801 2269 838 2301 in
864 2282 932 2314 quo
961 2276 993 2303 et
1018 2269 1193 2312 fastigium

209 2323 294 2355 coeli
313 2333 370 2353 scu
391 2321 524 2364 polum,
551 2326 589 2352 ut
605 2320 841 2361 nominamus,
865 2320 1023 2360 collocat,
1051 2331 1122 2352 esse
1140 2320 1190 2352 di-

210 2374 255 2406 cit
283 2372 431 2410 l'rsum,
465 2372 501 2402 in
535 2371 709 2403 contrario
743 2371 849 2404 latere
878 2369 1070 2411 Orionem,
1105 2371 1196 2403 inter

210 2423 369 2456 Taurum
393 2429 425 2454 et
448 2421 629 2454 Geminos.
692 2420 791 2463 Quae
811 2422 918 2455 totius
940 2422 1062 2455 sideris
1087 2422 1193 2464 figura

210 2476 264 2513 sit,
292 2474 496 2506 discendum
514 2478 573 2510 est,
602 2472 748 2504 sublatis
763 2473 799 2505 in
817 2473 953 2506 coelum
969 2473 1089 2506 oculis.
1126 2472 1193 2506 Sed

210 2525 290 2569 quia
315 2524 492 2556 stellarum
512 2522 596 2555 situs
616 2530 849 2565 repraesentat
873 2524 940 2556 viri
959 2523 1083 2556 armati
1108 2523 1195 2565 figu-

209 2588 302 2615 ram,
326 2574 451 2607 poi-tae
467 2574 583 2605 virum
601 2573 648 2605 ibi
665 2573 872 2607 collocatum
887 2586 958 2608 esse
975 2574 1066 2607 inter
1082 2574 1194 2606 sidera
1219 2588 1220 2625 3

210 2628 402 2665 finxerunt,
443 2631 475 2657 et
515 2624 550 2655 in
582 2624 726 2656 nomine
755 2631 787 2657 ct
816 2622 961 2659 historia
990 2625 1121 2670 aliquid
1154 2625 1220 2661 de}

210 2684 288 2710 ortu
307 2683 339 2710 et
359 2687 479 2709 occasu
499 2674 641 2715 sideris,
669 2682 701 2708 et
724 2676 766 2707 de
783 2683 905 2709 natura
930 2677 1003 2710 eius
1021 2676 1193 2720 significa·
1218 2682 1221 2711 l

1246 115 1493 153 ORIONE.
2172 122 2220 157 48

1243 209 1336 236 runt.
1396 201 1466 235 Nec
1491 202 1696 237 incredibile
1730 212 1777 238 cst
1805 217 1932 238 nomen
1960 203 2042 238 huic
2075 207 2181 239 sideri
2205 220 2224 240 a

1243 253 1402 297 principe
1430 253 1582 285 inditum
1609 266 1696 295 csse,
1732 256 1793 300 qui
1810 255 1954 289 Graecis
1977 268 2109 289 annum
2127 258 2225 290 ordi-

1243 304 1358 343 navit,
1386 310 1418 335 et
1438 303 1616 335 doctrinae
1633 306 1788 338 coelestis
1813 307 1943 339 semina
1964 307 2109 350 sparsit,
2135 308 2225 341 sicut

1244 361 1275 386 ct
1294 354 1370 385 aliis
1393 353 1512 386 multis
1532 353 1641 386 stellis
1668 356 1809 388 nomina
1827 358 1954 389 (lucum
1975 364 2007 389 ct
2024 358 2225 391 docentium

1243 404 1410 437 attributa
1436 410 1535 442 sunt,
1572 405 1630 448 qui
1653 406 1736 437 anni
1761 414 1868 439 metas
1886 408 2126 441 ostenderunt.
2181 407 2227 441 Ut

1244 455 1462 487 collocantur
1477 454 1512 486 in
1528 454 1790 496 cocloPcrseus,
1814 456 1966 490 Atlantis
1979 458 2077 498 filiae,
2102 457 2226 491 Astrea

1247 505 1330 537 lcari
1348 505 1438 542 fllia,
1466 502 1826 547 ChironCentaurus,
1857 505 1994 551 Orphei
2007 508 2115 553 Lyra,
2135 507 2227 540 Her—

1244 556 1354 590 cules.
1382 554 1522 595 Castor,
1557 555 1702 595 Pollux,
1738 555 1917 601 Cepheus,
1952 571 2053 602 quem
2074 559 2228 591 arbitror

1244 617 1314 638 csse
1339 603 1488 638 Kithim.
1549 606 1606 639 Sic
1630 607 1676 639 ait
1701 606 1892 640 Pausanias
1922 608 2026 641 fuisse
2054 606 2226 642 Orionem

1242 655 1409 688 Boeotiae
1435 655 1649 699 principem,
1683 664 1713 689 ct
1740 658 1775 689 in
1795 657 1955 700 Tanagra
1982 660 2098 691 sedem
2123 671 2226 692 mon-

1243 714 1384 739 stratam
1406 717 1495 746 esse,
1523 707 1560 738 in
1576 719 1642 751 qua
1663 707 1762 740 Atlas
1778 710 1906 742 erudiit
1923 706 2096 741 Orionem
2116 711 2158 742 de.
2177 710 2227 742 le-

1243 757 1344 799 gibus
1366 764 1525 789 motuum
1551 758 1764 791 coelestium.
1817 757 1905 792 Eius
1922 760 2119 800 doctrinae,
2147 761 2228 804 quia

1243 808 1419 840 studiosus
1446 807 1526 847 suit,
1562 808 1692 841 dicitur
1716 820 1845 841 amasse
1868 822 1928 842 seu
1947 807 2141 851 Auroram,
2168 822 2228 843 seu

1244 858 1411 895 Dianam,
1441 857 1475 889 id
1495 865 1561 898 est,
1588 858 1737 892 Lunam.
1793 857 1844 892 Ac
1859 860 1932 892 fieri
1952 868 2082 903 potest,
2109 868 2147 894 ut
2165 874 2228 904 po—

1243 909 1377 941 steritas
1395 920 1524 940 nomen
1543 909 1631 941 bene
1648 909 1763 942 meriti
1788 910 1976 953 principis,
2003 912 2044 943 ad
2065 909 2228 954 pulcher-

1244 959 1371 991 rimum
1387 959 1483 991 sidus
1507 960 1743 999 transtulerit,
1770 967 1810 993 ut
1831 962 2075 994 monstratoris
2093 973 2228 994 memo-

1244 1010 1331 1040 riam
1357 1009 1508 1042 traderet
1539 1009 1659 1041 multis
1685 1010 1856 1051 gentibus.
1927 1010 1993 1044 Sed
2020 1011 2148 1045 Poetae
2172 1025 2229 1044 ac-

1243 1059 1469 1091 commodant
1504 1059 1772 1102 appellationem
1811 1062 1853 1093 ad
1889 1068 2050 1094 naturam
2094 1063 2229 1095 sideris.

1246 1107 1356 1141 Aiunt
1381 1106 1518 1141 Oriona
1544 1116 1664 1142 natum
1692 1122 1762 1143 esse
1781 1123 1819 1143 ex
1835 1111 1937 1144 urina
1958 1111 2068 1152 lovis,
2094 1112 2229 1156 Neptu-

1243 1159 1279 1191 ni
1305 1166 1338 1192 et
1362 1158 1544 1192 Mercurii.
1601 1160 1692 1202 Quia
1717 1173 1793 1194 cum
1826 1168 1949 1195 ventos
1967 1163 2054 1196 cieat
2082 1170 2116 1196 et
2149 1164 2229 1206 plu—

1243 1210 1315 1242 vias
1348 1211 1498 1249 adserat,
1540 1223 1670 1243 nomen
1717 1213 1879 1255 congruit
1925 1208 2056 1255 οὖρον,
2099 1214 2133 1245 id
2169 1221 2229 1253 est,

1243 1261 1356 1292 urina.
1417 1259 1550 1293 Imbres
1573 1269 1688 1295 autem
1716 1263 1905 1295 adsumunt
1932 1276 1950 1296 a
1972 1263 2157 1307 Neptuno,
2194 1265 2228 1296 id

1243 1319 1311 1348 est,
1345 1323 1362 1342 a
1387 1311 1477 1342 mari
1505 1323 1666 1354 vapores,
1701 1312 1762 1354 qui
1790 1313 1826 1342 in
1850 1321 1928 1345 aere
1945 1314 2097 1352 densati,
2126 1325 2228 1357 quem

1242 1361 1414 1404 significat
1431 1361 1582 1404 Iupiter,
1609 1361 1736 1394 sumlui
1813 1361 1956 1397 luviam.
2011 1361 2144 1395 Ventos
2167 1375 2230 1396 au-

1243 1418 1310 1440 tem
1328 1417 1360 1440 et
1376 1411 1443 1440 ciet
1471 1413 1503 1440 et
1525 1408 1676 1450 impellit
1690 1409 1751 1439 Me
1793 1409 1902 1442 ilrius.
1958 1412 2053 1442 Hinc
2068 1419 2148 1443 sunt
2166 1414 2229 1446 de—

1242 1458 1449 1501 scriptiones
1484 1459 1574 1499 apud
1613 1455 1849 1501 Philosophos
1890 1465 1922 1491 et
1964 1461 2055 1503 apud
2093 1460 2228 1496 poetas.

1243 1507 1348 1552 Apud
1374 1507 1561 1549 Virgilium
1585 1508 1620 1540 in
1644 1508 1757 1551 primo
1781 1507 1975 1542 Aeneidos:

1345 1560 1421 1590 Cum
1436 1563 1533 1590 subito
1550 1572 1702 1600 assurgens
1719 1564 1811 1590 fluctu
1828 1564 1981 1592 nimbosus
1997 1562 2104 1594 Orion.

1242 1608 1289 1642 Et
1307 1609 1343 1641 iu
1362 1609 1526 1652 septimo:

1395 1661 1486 1691 Sinus
1503 1663 1553 1690 ubi
1571 1662 1700 1691 hibernis
1729 1661 1826 1692 Orion
1844 1664 1983 1693 conditur
1999 1665 2097 1694 undis.

1343 1707 1605 1742 EtAristoteles
1629 1710 1760 1754 inquit:
1784 1709 1942 1754 χαλεπὸς
1958 1709 1997 1746 δὲ
2016 1711 2154 1759 λέγεται
2168 1714 2229 1748 καὶ

1243 1757 1370 1794 (ἳύνων
1385 1758 1446 1794 καὶ
1470 1758 1678 1794 ἀνατέλλων
1694 1758 1712 1794 ὃ
1732 1758 1866 1806 ὡρίων.
1921 1761 2056 1796 Harum
2075 1765 2229 1799 effectio-

1243 1824 1328 1845 num
1344 1811 1440 1844 testis
1457 1818 1507 1844 est
1526 1811 1738 1855 experientia
1755 1812 1914 1845 omnium
1932 1814 2129 1848 seculorum
2144 1828 2229 1849 con-

1244 1862 1414 1902 sentiens,
1442 1874 1480 1894 ac
1498 1862 1655 1904 proximo
1675 1874 1769 1895 anno
1789 1863 1962 1904 vidimus,
1990 1876 2068 1897 cum
2087 1873 2231 1911 propter

1245 1913 1337 1946 Iovis
1363 1919 1395 1945 et
1422 1912 1550 1946 Martis
1573 1913 1859 1946 coniunctionem
1883 1914 1920 1947 in
1938 1913 2077 1954 Leone,
2105 1929 2229 1960 magna

1245 1964 1326 1996 inde
1343 1975 1453 2008 usque
1479 1976 1497 1996 a
1516 1962 1606 1995 lulio
1631 1965 1672 1996 ad
1692 1963 1927 1998 Novembrem
1945 1965 2080 1999 siccitas
2097 1967 2230 2009 fuisset,

1244 2022 1277 2048 et
1298 2014 1379 2048 sicci
1402 2014 1523 2054 ssatus,
1552 2025 1674 2057 magna
1698 2015 1815 2049 subito
1834 2015 1920 2049 facta
1943 2022 1992 2048 est
2009 2017 2097 2050 aeris
2116 2026 2230 2051 muta-

1244 2066 1292 2099 tio
1306 2092 1315 2105 ,
1343 2072 1376 2097 et
1392 2065 1478 2107 largi
1497 2065 1626 2098 imbres
1650 2067 1792 2100 suerunt
1811 2078 1889 2098 cum
1909 2064 2026 2099 Orion
2047 2069 2229 2104 occideret.

1224 2116 1316 2155 ¹Nec
1342 2116 1465 2148 dubito
1489 2115 1600 2147 mensi
1631 2115 1824 2149 Novembri
1851 2129 1980 2150 nomen
2001 2118 2130 2152 sactum
2159 2132 2230 2153 esse

1245 2168 1336 2211 apud
1362 2164 1498 2198 Ebreos
1520 2165 1663 2207 Kislcu,
1699 2169 1792 2212 quod
1824 2175 1914 2201 extat
1939 2168 1975 2200 in
1998 2165 2168 2203 Zacharia
2197 2178 2230 2204 et

1245 2218 1345 2250 libris
1361 2216 1630 2249 Maccabcorum
1651 2219 1694 2250 ab
1713 2216 1865 2258 Orione,
1899 2230 2002 2262 quem
2028 2219 2093 2262 ipsi
2114 2222 2231 2254 nomi-

1245 2266 1438 2301 nantKesil
1453 2267 1496 2299 ab
1516 2267 1758 2308 instabilitate,
1786 2276 1823 2302 ut
1839 2268 2016 2308 existimo,
2044 2276 2228 2314 tempesta-

1245 2327 1331 2353 tum.
1394 2317 1504 2361 Saepe
1527 2316 1614 2350 mibi
1640 2319 1675 2351 in
1701 2326 1850 2352 mentem
1875 2319 1971 2352 venit
1998 2317 2062 2353 hoc
2089 2334 2229 2367 quoque

1246 2370 1376 2402 dictum
1401 2380 1472 2401 8558
1496 2366 1663 2412 ὠρίωιά,
1688 2370 1768 2414 quia
1793 2369 1958 2403 disceruit
1977 2379 2127 2415 quatuor
2145 2374 2229 2406 anni

1245 2427 1421 2463 tempora,
1450 2432 1537 2464 quae
1555 2421 1785 2453 nominantur
1801 2416 1904 2465 (ὧραι.
1962 2420 2063 2455 Veris
2088 2423 2227 2457 initium

1245 2479 1295 2504 est
1311 2482 1452 2503 occasus
1468 2468 1622 2503 heliacus
1642 2469 1799 2503 Orionis.

1345 2519 1496 2554 Aestatis
1530 2521 1668 2554 initium
1711 2519 1866 2554 heliacus
1903 2529 2014 2556 ortus.
2083 2522 2229 2568 Hyemis

1246 2572 1386 2605 initium
1411 2583 1552 2605 occasus
1575 2572 1755 2607 cosmicus.
1809 2572 1903 2605 Haec
1922 2580 1954 2606 et
1976 2573 2101 2615 vulgus
2119 2575 2229 2607 oculis

1245 2631 1328 2657 tunc
1350 2623 1510 2663 notabat,
1539 2623 1618 2667 quia
1640 2629 1747 2656 metas
1765 2624 1849 2656 anni
1868 2624 2100 2658 constituebat
2117 2637 2228 2658 acces—

1245 2686 1320 2707 sum
1343 2673 1436 2707 Solis
1467 2674 1508 2706 ad
1531 2679 1639 2706 certas
1662 2674 1777 2707 stellas
1799 2686 1859 2708 seu
1887 2675 2016 2715 sidera,
2051 2687 2138 2719 quae
2164 2688 2228 2709 uo-
