2324 2955
201 122 272 158 403

310 203 407 237 XVI.
447 201 488 233 In
511 198 573 231 hac
597 198 782 241 depravata
804 203 928 232 natura
952 199 1026 232 sine
1042 211 1183 243 regene-

211 255 345 290 ratione
367 256 481 284 manet
503 249 540 280 in
562 245 705 281 homine
727 248 846 292 aliquo
867 249 972 282 modo
989 250 1118 284 noticia
1134 251 1185 284 le-

213 307 279 349 gis,
304 304 393 336 sicut
419 301 539 331 insunt
563 295 736 331 humanae
759 299 868 332 menti
892 299 1040 333 noticiae
1060 313 1186 334 nume-

214 364 349 391 rorum,
374 356 407 382 et
423 349 508 382 aliae
526 349 696 392 quaedam
718 346 880 393 physicae
896 350 1055 386 noticiae.
1106 350 1186 384 Ma-

215 410 272 436 net
296 401 398 433 ctiam
420 397 506 432 haec
526 410 605 441 pars
626 399 814 440 libertatis,
839 401 932 444 quod
956 411 1053 434 mens
1077 407 1109 435 et
1125 413 1188 434 vo-

215 455 329 486 luntas
353 455 498 494 possunt
520 449 691 493 imperare
713 449 961 490 locomotimc,
986 456 1026 484 ut
1050 457 1189 484 externa

216 502 371 535 membra
398 500 449 532 vel
474 506 630 539 moveat,
664 499 719 531 vel
743 500 912 533 coerceat.
965 499 1013 534 Ut
1035 498 1191 534 Achilles

217 562 417 597 quanquam
448 549 573 590 iratus,
607 556 722 582 tamen
744 550 879 582 ratione
902 552 1192 584 commonefactus

217 608 328 646 potest
349 601 521 644 imperare
546 599 728 639 manibus,
761 611 804 632 ne
829 600 1001 643 stringant
1026 601 1193 644 gladium,

220 659 251 686 et
268 651 432 694 pedibus,
460 656 499 683 ut
517 650 559 682 ab
573 648 836 692 Agamemnone
850 650 1039 684 discedant.
1092 650 1194 683 Hanc

218 708 352 745 partem
376 700 546 733 libertatis
569 700 680 733 voluit
696 699 791 733 Deus
812 700 849 732 in
866 697 1008 734 homine
1025 701 1194 745 reliquam

220 763 303 784 esse.
366 749 544 790 Primum,
579 756 617 783 ut
648 749 861 792 intelligatur
892 751 1080 784 discrimen
1104 752 1196 784 inter

220 811 325 844 agens
349 800 498 832 liberum
523 807 555 833 et
571 811 642 832 non
659 799 821 833 liberum.
875 799 1029 842 Deinde,
1055 807 1094 834 ut
1110 801 1197 834 scia-

221 862 299 883 mus
315 850 427 892 ipsum
444 848 558 884 Deum
576 861 646 882 esse
661 861 765 891 agens
782 850 1012 886 liberrimum.
1065 851 1198 891 Tertio,

221 907 260 933 ut
283 911 346 932 uos
370 910 532 941 regamur
555 899 751 942 disciplina.
803 899 957 942 Quarto,
984 908 1022 934 ut
1040 901 1198 934 conside-

221 960 337 983 remus
354 949 632 991 magnitudinem
647 950 905 993 depravationis
922 951 958 983 in
973 951 1094 992 nohis,
1119 963 1199 984 cum

222 999 452 1042 intelligimus
477 1000 672 1032 libertatern
698 1011 769 1032 esse
794 1001 971 1041 mutilam,
997 1008 1029 1034 et
1051 1013 1110 1034 cor
1127 1012 1199 1033 non

225 1049 368 1084 obedire
393 1048 459 1091 legi
483 1049 565 1089 Dei,
592 1056 626 1082 et
647 1055 822 1082 externam
845 1051 1050 1094 disciplinae
1073 1052 1200 1093 guber-

224 1100 404 1133 nationem
430 1098 608 1132 difficilem
631 1110 712 1131 esse.
774 1098 869 1132 Haec
891 1107 931 1133 ut
953 1101 1071 1144 aliquo
1095 1101 1199 1133 modo

225 1149 456 1193 aspiciantur,
483 1156 565 1182 nota
590 1149 632 1182 sit
655 1148 799 1192 puerilis
824 1150 983 1183 doctrina
1009 1151 1051 1183 de
1076 1157 1202 1194 poten-

226 1199 284 1232 tiis
299 1199 446 1232 animae.

327 1247 440 1281 XVII.
475 1247 698 1281 Severissime
718 1249 887 1292 praecipit
910 1247 1006 1282 Deus
1026 1256 1202 1283 externam

227 1298 463 1340 disciplinam,
490 1303 522 1329 et
535 1297 635 1340 punit
651 1298 875 1330 violationem
892 1300 1067 1332 atrocibus
1082 1298 1203 1341 poenis

228 1349 264 1380 in
279 1345 343 1379 hac
356 1347 436 1386 vita,
460 1353 491 1378 et
507 1346 627 1388 poenis
638 1347 798 1386 aeternis,
819 1347 930 1380 sinon
942 1348 1000 1381 fiat
1012 1347 1203 1381 conversio.

228 1397 280 1430 Ac
295 1402 377 1429 nota
392 1395 461 1429 sint
474 1396 565 1428 dicta
579 1396 681 1429 etiam
698 1397 741 1428 de
754 1397 993 1440 praesentibus
1010 1397 1144 1442 poenis,
1166 1402 1205 1429 ut

229 1449 271 1479 tle
296 1447 391 1480 cultu
416 1446 610 1485 idolorum,
642 1444 877 1489 blasphemia,
911 1448 1043 1489 magia,
1076 1447 1206 1480 dicitur

229 1495 341 1530 Exod.
356 1496 432 1530 20.;
460 1494 608 1527 Puniam
628 1495 664 1527 in
683 1496 819 1528 tertiam
836 1503 870 1529 et
886 1503 1044 1540 quartam
1062 1507 1206 1539 genera-

230 1546 378 1580 tionem.
430 1544 534 1584 Item,
560 1543 672 1577 Levit.
687 1547 763 1579 20.:
791 1544 923 1578 Ponam
945 1546 1067 1578 faciem
1083 1548 1206 1583 {meam

231 1602 351 1629 contra
367 1605 434 1634 eos,
457 1602 497 1628 ut
511 1594 715 1627 interficiam
732 1606 788 1627 eos
802 1596 844 1627 de
858 1595 973 1628 medio
988 1595 1121 1639 populi.
1155 1594 1207 1628 De

231 1644 431 1678 homicidiis
448 1643 658 1679 Mat111.28.:
688 1644 921 1687 Quigladium
932 1646 1112 1688 acceperit,
1135 1645 1207 1687 gla-

233 1697 290 1728 dio
314 1694 451 1739 peribit.
503 1692 554 1726 De
573 1694 674 1727 furtis
692 1693 815 1727 Esaiae
831 1694 906 1729 33.:
934 1693 1032 1727 Vaeh
1049 1695 1110 1739 qui
1127 1706 1208 1738 spo-

232 1745 307 1785 lias,
334 1745 415 1789 quia
432 1744 647 1787 spoliaberis.
699 1743 750 1777 De
767 1744 904 1778 incestis
919 1744 1114 1780 Levit.18,:
1141 1743 1209 1778 Ca-

233 1802 309 1828 vete
326 1806 369 1827 ne
384 1801 416 1827 ct
430 1805 492 1826 vos
506 1793 666 1827 similiter
681 1801 839 1836 evomat,
867 1806 943 1827 cum
959 1795 1088 1827 similia
1104 1795 1210 1827 facie-

235 1845 297 1882 tis‚
325 1845 412 1877 sicut
433 1843 586 1876 evomuit
603 1851 738 1887 gentem
757 1857 844 1889 quae
859 1844 925 1877 fuit
940 1852 1020 1878 ante
1039 1855 1112 1879 vos,
1163 1842 1210 1877 Et

235 1894 315 1939 quia
340 1895 377 1926 in
401 1900 472 1927 toto
497 1905 620 1937 genere
642 1892 797 1927 humano
815 1894 1057 1937 multipliciter
1071 1901 1103 1928 et
1116 1901 1210 1928 atro-

235 1944 318 1977 citer
340 1944 492 1976 violatur
511 1943 714 1987 disciplina,
738 1944 815 1976 ideo
832 1945 1055 1978 cumulantur
1069 1956 1209 1988 poenae,

234 1994 321 2027 fiunt
343 2005 487 2036 magnae
507 1994 662 2036 gentium
685 1994 928 2037 dissipationes
943 2001 976 2027 et
991 1995 1209 2035 vastationes,

235 2044 323 2076 sicut
343 2042 464 2077 Esaias
489 2043 623 2088 inquit,
648 2055 721 2087 cap.
740 2043 815 2077 64.;
842 2043 1047 2089 Iniquitates
1070 2052 1208 2079 nostrae

235 2094 322 2126 sicut
340 2094 433 2126 venti
451 2092 707 2136 dissipaverunt
723 2106 798 2128 nos.

335 2142 466 2176 XVIII.
505 2141 621 2176 Etiam
653 2155 725 2176 non
756 2144 884 2185 renati,
917 2151 1062 2188 possunt
1090 2145 1207 2190 aliquo
1232 2168 1234 2174 ,

235 2193 340 2225 modo
365 2200 502 2226 externa
528 2193 612 2235 legis
631 2205 734 2237 opera
752 2194 880 2232 facere,
908 2201 940 2227 et
957 2195 1110 2227 sciantur
1127 2207 1209 2228 cau-

236 2253 291 2274 sae
309 2249 478 2286 quatuor,
503 2255 564 2276 cur
577 2241 662 2276 haec
677 2244 862 2288 disciplina
879 2244 924 2277 sit
941 2246 1157 2287 praestanda.

336 2291 491 2324 Primum
516 2293 597 2337 quia
612 2291 707 2326 Deus
732 2306 805 2326 eam
830 2295 1022 2338 praecepit,
1049 2295 1103 2327 cui
1123 2295 1207 2328 sim-

234 2340 370 2384 pliciter
387 2354 506 2374 omues
525 2349 699 2377 creaturae
715 2345 845 2377 debent
860 2344 1104 2377 obedientiam.
1145 2345 1208 2378 Se-

234 2392 367 2427 cundo,
395 2398 432 2423 ut
457 2392 610 2426 iitentur
629 2405 769 2437 poenae.
823 2393 944 2427 Tertio
963 2401 1103 2438 propter
1119 2395 1207 2428 alio-

233 2452 312 2473 rum
332 2441 631 2485 tranquillitatem.
682 2443 815 2485 Quarto
828 2471 836 2484 ,
862 2444 943 2488 quia
961 2451 1009 2477 est
1025 2445 1206 2488 multiplex

231 2491 441 2535 paedagogia
474 2497 505 2524 et
529 2494 835 2534 commonefacfio,
868 2501 901 2528 et
924 2506 1146 2538 perseverans
1170 2496 1205 2527 iu

231 2540 366 2573 delictis
384 2546 502 2573 contra
519 2541 764 2575 conscientiam
776 2571 784 2583 ,
811 2556 883 2576 non
898 2551 947 2577 est
963 2556 1147 2578 conversus
1163 2547 1205 2578 ad

227 2588 359 2630 Deum,
392 2590 486 2623 iuxta
515 2589 602 2623 illud
632 2592 647 2623 1
674 2591 830 2627 Timoth.
850 2596 896 2627 1.:
934 2594 1051 2628 Mitita
1075 2595 1203 2628 bonam

225 2639 405 2681 militiam,
433 2637 565 2674 habens
583 2641 685 2674 fidem
704 2649 736 2675 et
754 2643 882 2677 bonam
899 2645 1158 2681 conscientiam.

951 111 1450 152 PROPOSITIONES.

2135 121 2209 158 404

1334 198 1434 233 XIX.
1469 198 1539 234 Sed
1565 197 1624 234 hic
1647 211 1772 245 magna
1798 200 1967 236 dissensio
1990 210 2041 238 est
2063 203 2209 238 rationis

1236 258 1268 284 et
1284 248 1478 292 Evangelii.
1529 249 1635 284 Ratio
1652 252 1846 285 admiratur
1864 252 2103 297 disciplinam,
2127 255 2211 299 quia

1238 308 1287 334 est
1324 311 1489 342 magnum
1527 300 1650 339 decus,
1687 307 1727 335 ut
1756 313 1836 335 vere
1868 302 2002 336 dictum
2034 310 2098 337 est:
2140 303 2212 338 Nec

1237 350 1413 394 Hesperus
1457 361 1520 383 nec
1553 349 1693 384 Lucifer
1740 352 1929 386 formosior
1977 359 2027 387 est
2067 352 2212 387 iusticia:

1240 413 1278 434 ac
1317 400 1467 434 somniat
1507 411 1581 433 eam
1620 400 1689 443 legi
1724 399 1791 433 Dei
1824 403 2035 443 satisfacere,
2076 402 2215 447 placare

1241 451 1329 483 iram
1360 448 1444 489 Dei,
1484 450 1610 483 mereri
1639 450 1877 484 remissionem
1902 460 2140 496 peccatorum,
2182 458 2217 485 et

1242 501 1350 534 vitam
1375 507 1561 534 aeternam.
1619 498 1666 534 Et
1688 497 1754 533 hac
1776 501 1943 544 opinione
1966 503 2004 535 in
2028 501 2137 536 Israel
2156 514 2218 536 cu-

1243 550 1423 584 mulabant
1447 551 1550 583 multi
1571 550 1754 591 sacrificia,
1780 557 1813 584 et
1829 562 1964 595 semper
1980 552 2065 593 fuit,
2091 559 2158 592 est,
2185 559 2219 585 et

1245 601 1311 634 erit
1341 598 1425 633 haec
1448 601 1623 644 persuasio
1652 601 1886 645 plurimorum
1913 599 2117 640 hominum,
2153 599 2220 634 ho-

1245 651 1356 684 mines
1380 662 1451 684 esse
1475 649 1585 684 iustos
1604 648 1670 684 hac
1691 650 1874 695 disciplina
1901 662 2017 684 coram
2039 649 2132 684 Deo:
2161 652 2221 684 sed

1248 701 1411 734 omnibus
1447 701 1664 744 temporibus
1701 713 1769 734 vox
1802 701 1989 734 ministerii
2021 699 2224 744 evangelici,

1248 763 1352 796 quam
1388 752 1558 784 sonabant
1595 750 1732 792 Patres,
1770 749 1984 795 Prophetae,
2025 750 2116 784 filius
2145 749 2224 791 Dei,

1249 801 1428 845 Apostoli,
1456 808 1488 834 et
1508 800 1635 834 deinde
1653 800 1762 845 aliqui
1779 808 1870 835 recte
1889 802 2068 842 docentes,
2093 800 2224 834 taxavit

1250 858 1282 885 et
1299 858 1391 885 taxat
1405 849 1638 889 Pharisaicas,
1663 850 1884 893 Pelagianas,
1909 848 2173 895 Philosophicas
2191 856 2225 883 et

1250 900 1439 945 Papisticas
1462 901 1684 945 persuasione
1713 901 1755 933 de
1779 901 1872 944 lege,
1898 907 1931 933 et
1947 912 2102 945 expresse
2119 900 2225 934 adfir-

1250 958 1336 991 mat,
1364 951 1401 983 in
1424 951 1588 984 omnibus
1610 948 1834 991 hominibus,
1860 957 2002 995 propter
2019 950 2131 982 filiurn
2146 948 2226 987 Dei,

1250 998 1463 1034 horrendam
1479 1012 1550 1034 esse
1566 1000 1834 1044 discrepantiam
1849 1002 1893 1034 ad
1910 1001 2019 1043 legem
2037 998 2120 1041 Dei,
2143 1011 2227 1043 pro-

1251 1057 1329 1094 pter
1352 1063 1456 1095 quam
1474 1051 1742 1095 discrepantiam
1757 1050 1809 1083 rei
1824 1057 1924 1090 sunt,
1952 1051 1994 1083 de
2012 1060 2080 1094 qua
2096 1049 2227 1083 Paulus

1252 1100 1385 1144 inquit,
1411 1099 1516 1136 Rom.
1533 1101 1583 1136 8.;
1609 1100 1738 1134 Sensus
1760 1100 1874 1133 carnis
1892 1099 2081 1133 inimicicia
2099 1106 2149 1133 est
2165 1101 2228 1132 ad-

1253 1161 1372 1182 versus
1395 1148 1530 1190 Deum,
1563 1162 1627 1183 nec
1655 1156 1768 1193 potest
1798 1150 1866 1192 legi
1891 1147 1958 1182 Dei
1986 1149 2123 1183 subiici.
2181 1147 2230 1181 Et

1254 1199 1417 1232 Ieremias
1434 1200 1550 1243 inquit
1567 1211 1639 1242 cap.
1651 1199 1720 1234 17.:
1747 1198 1954 1232 Perversum
1970 1205 2020 1232 est
2037 1210 2096 1232 cor
2111 1196 2229 1231 bomi-

1254 1250 1309 1282 nis
1335 1256 1370 1282 et
1392 1261 1658 1288 aerumnosum,
1689 1249 1724 1281 id
1747 1256 1814 1289 est,
1848 1260 2007 1282 aversum
2030 1260 2049 1281 a
2073 1247 2167 1289 Deo,
2196 1254 2230 1280 et

1254 1299 1348 1330 varie
1369 1309 1491 1338 ruens,
1525 1305 1558 1331 et
1579 1299 1715 1340 fugiens
1735 1298 1848 1331 Deum
1874 1298 1964 1330 tristi
1987 1298 2129 1332 fremitu
2156 1297 2231 1330 sine

1255 1348 1494 1382 consolatione
1513 1354 1545 1381 et
1562 1348 1640 1381 fide.

1355 1423 1434 1458 XX.
1469 1422 1589 1467 Inquit
1606 1422 1712 1465 igitur
1723 1421 1871 1455 Paulus:
1898 1420 1952 1455 Ex
1968 1422 2133 1465 operibus
2146 1423 2232 1463 legis

1254 1485 1328 1505 non
1358 1473 1604 1505 iustificabitur
1634 1472 1750 1504 omnis
1777 1483 1858 1504 caro
1888 1483 2005 1504 coram
2032 1469 2117 1505 Deo.
2167 1468 2233 1504 Est

1256 1523 1363 1564 igitur
1392 1528 1570 1564 peccatum
1600 1520 1639 1554 in
1670 1520 1834 1554 omnibus
1862 1517 2067 1554 hominibus
2095 1527 2232 1564 praeter

1257 1569 1434 1605 Christum
1459 1571 1495 1603 in
1520 1568 1583 1603 hac
1602 1570 1690 1612 vita,
1714 1582 1778 1603 nec
1794 1577 1939 1614 possunt
1953 1568 2114 1604 homines
2131 1570 2232 1604 satis-

1256 1622 1367 1654 facere
1399 1621 1466 1663 legi
1489 1619 1571 1660 Dei,
1610 1632 1673 1653 nec
1704 1620 1890 1664 disciplina
1921 1627 1981 1653 aut
2009 1620 2083 1653 ulla
2113 1626 2234 1653 nostra

1257 1683 1360 1715 opera
1397 1677 1576 1704 merentur
1611 1670 1853 1703 remissionem
1885 1675 2126 1714 peccatorum,
2168 1681 2234 1703 nec

1257 1722 1330 1764 lege
1360 1718 1520 1753 homines
1548 1721 1630 1753 iusti
1660 1726 1740 1753 sunt
1770 1731 1886 1753 coram
1917 1718 2005 1755 Deo.
2077 1719 2147 1754 Sed
2178 1720 2234 1753 lex

1257 1772 1443 1804 ostendens
1468 1777 1664 1814 peccatum,
1693 1777 1742 1803 est
1767 1769 2002 1804 ministerium
2024 1770 2168 1808 mortis,
2194 1776 2234 1803 ut

1258 1821 1386 1854 Paulus
1413 1821 1546 1865 inquit,
1576 1819 1728 1854 Roman.
1748 1820 1799 1853 7.:
1834 1819 1907 1852 Lex
1930 1819 2018 1853 iram
2043 1820 2147 1853 efficit
2170 1826 2234 1855 etc.

1258 1870 1484 1904 Manifestum
1503 1877 1552 1904 est
1566 1870 1673 1913 igitur
1687 1881 1905 1915 nequequam
1922 1869 1960 1902 in
1974 1867 2118 1903 homine
2128 1870 2234 1903 talem

1258 1921 1453 1955 libertatem
1476 1920 1666 1954 voluntatis
1681 1920 1851 1965 reliquam
1868 1931 1956 1960 esse,
1987 1926 2026 1953 ut
2043 1920 2151 1963 possit
2165 1920 2233 1953 tol-

1257 1971 1328 2004 lere
1352 1977 1530 2015 peccatum
1553 1977 1587 2004 et
1610 1977 1777 2010 mortem,
1803 1982 1862 2003 seu
1880 1969 2013 2003 efficere
2029 1969 2234 2003 interiorem

1258 2021 1512 2059 obedientiam,
1540 2032 1643 2066 quam
1668 2021 1722 2053 lex
1740 2018 1806 2053 Dei
1828 2020 1991 2064 postulat.
2042 2017 2090 2053 Et
2113 2020 2234 2053 dolea—

1258 2083 1334 2104 mus
1364 2083 1428 2104 nos
1456 2083 1529 2104 non
1560 2071 1641 2104 satis
1673 2070 1866 2113 intelligere
1894 2069 2178 2114 depravationem
2202 2076 2233 2102 et

1258 2121 1515 2155 immunditiem
1531 2121 1568 2153 in
1587 2121 1751 2154 cordibus
1768 2120 1909 2154 nostris.

1357 2196 1454 2232 XXI.
1491 2195 1582 2239 Quia
1601 2209 1683 2230 vero
1701 2195 1795 2230 Deus
1811 2197 1978 2229 immensa
1994 2194 2234 2228 misericordia

1258 2247 1463 2290 deprecante
1475 2259 1537 2290 pro
1550 2247 1652 2280 nobis
1664 2246 1735 2279 filio
1748 2258 1811 2280 suo
1822 2246 2014 2289 unigenito,
2037 2257 2109 2278 non
2122 2245 2234 2278 voluit

1257 2303 1369 2331 totum
1395 2309 1503 2340 genus
1527 2295 1721 2330 humanum
1746 2297 1876 2340 perire,
1902 2297 2079 2329 decretum
2104 2296 2233 2329 factum

1258 2353 1325 2385 est,
1352 2354 1390 2380 ut
1414 2359 1475 2391 per
1497 2347 1609 2380 filium
1631 2346 1811 2380 satisfieret
1833 2345 1988 2379 iusticiae
2014 2345 2172 2384 divinae,
2200 2353 2233 2378 et

1256 2397 1484 2431 redimeretur
1505 2409 1614 2441 genus
1638 2395 1848 2434 humanum,
1876 2402 1908 2429 et
1930 2395 2115 2439 promissio
2139 2395 2232 2428 edita

1256 2454 1323 2486 est,
1350 2460 1438 2492 quae
1463 2454 1512 2481 est
1535 2461 1600 2481 vox
1616 2445 1816 2487 Evangelii,
1843 2442 2092 2489 comprehensa
2114 2446 2152 2478 in
2176 2443 2230 2478 his

1255 2497 1371 2530 verbis
1396 2496 1516 2532 Iohan.
1533 2499 1583 2532 3.:
1611 2496 1670 2530 Sic
1696 2495 1790 2528 Deus
1817 2496 1936 2529 dilexit
1966 2496 2157 2535 mundum,
2191 2501 2231 2528 ut

1255 2547 1365 2580 filium
1396 2560 1496 2581 suum
1529 2545 1748 2588 unigenitum
1780 2546 1931 2587 dederit,
1965 2552 2003 2579 ut
2031 2545 2146 2578 omnis
2171 2545 2231 2590 qui

1254 2597 1363 2631 credit
1381 2598 1416 2630 in
1435 2609 1513 2632 eum
1529 2607 1601 2629 non
1618 2602 1754 2640 pereat,
1782 2598 1839 2630 sed
1858 2594 1982 2631 habeat
1998 2594 2102 2629 vitam
2119 2602 2231 2629 aeter-

1254 2658 1346 2679 nam.
