2324 2955
124 91 198 129 425

122 175 263 211 subiicit
280 186 315 208 se
329 174 401 208 irae
418 173 498 216 Dei,
521 181 554 209 et
569 180 619 209 est
636 174 841 219 deprecator
853 187 916 220 pro
943 176 1101 220 singulis.

119 225 166 260 Et
182 226 220 258 in
237 226 352 260 officio
370 226 577 260 redemtoris
594 225 790 260 includitur
806 227 1026 270 deprecator,
1052 227 1101 260 si-

119 283 177 311 cut
191 276 265 321 ipse
281 277 397 322 inquit
414 274 488 309 Ioh.
500 277 572 310 17.:
600 274 675 319 Ego
694 288 756 321 pro
773 278 822 310 eis
838 277 1014 311 sanctifico
1033 290 1100 311 me.

116 325 204 360 Item
221 324 343 361 Esaiae
359 325 418 361 53.
433 339 439 358 ε
472 324 520 360 Et
537 339 600 371 pro
624 328 937 371 transgressoribus
953 328 1099 371 rogavit.

115 377 221 411 Addo
245 383 280 411 et
306 377 466 422 quintam
490 389 647 417 causam,
688 377 790 411 Hanc
815 376 1098 412 humiliationem

115 427 225 471 ipsius
241 434 388 461 naturae
405 427 556 470 divinae,
581 430 676 474 quod
692 429 782 473 patri
798 429 834 461 in
853 426 919 462 hoc
934 430 1096 463 mirando

115 478 252 511 decreto
279 478 516 522 obtemperat,
556 487 589 513 et
613 477 679 512 hoc
710 491 878 512 arcanum
903 479 1096 515 Sabbatum

113 535 238 570 servat,
255 529 412 574 quiescit,
431 541 494 563 nec
509 537 643 564 exercet
660 530 851 573 potentiam
869 542 977 571 suam,
994 531 1096 564 utvi-

111 584 161 611 tet
173 575 263 612 hanc
277 580 483 624 passionem.
528 580 611 613 Ideo
625 581 793 624 scriptum
812 587 860 614 est
870 580 1009 615 Psalmo
1019 581 1093 614 39.:

112 627 155 662 In
181 630 356 674 principio
378 630 460 663 libri
487 631 656 674 scriptum
679 638 730 665 est
754 632 797 664 de
816 644 888 672 me,
915 639 952 665 ut
968 632 1093 665 faciam

110 680 329 715 voluntatem
352 688 469 722 tuam,
506 682 605 715 Deus
626 693 743 721 meus,
778 683 878 723 volo,
901 689 934 716 et
957 682 1011 715 lex
1034 688 1093 715 tua

111 729 151 762 in'
166 732 281 764 medio
309 732 424 764 cordis
447 732 528 765 mei.
583 732 791 766 Tribuenda
816 740 866 766 est
882 732 991 776 igitur
1005 730 1091 765 haec

109 780 221 822 gloria
237 782 398 816 Domino
423 790 544 817 nostro
564 782 640 816 Iesu
660 782 822 822 Clu-isto,
849 784 944 827 quod
971 783 1014 816 sit
1036 794 1089 816 re-

107 831 263 873 demtor,
294 844 368 866 non
391 839 527 867 tantum
551 835 743 868 secundum
769 840 930 867 naturam
964 831 1091 866 huma-

107 892 209 925 nam,
250 884 309 916 sed
333 885 526 917 secundum
552 885 710 918 divinam
738 892 770 918 et
802 882 1014 924 humanam,
1058 890 1091 918 et

106 943 186 965 cum
204 934 312 977 precii
329 935 608 978 magnitudinem
627 935 828 977 cogitamus,
852 941 981 968 crescat
995 934 1090 976 fides,

105 984 298 1017 consolatio
325 992 357 1018 et
379 985 574 1025 invocatio,
607 986 702 1018 iuxta
725 982 810 1018 haec
838 984 946 1025 dicta,
975 985 1005 1020 1.
1022 985 1089 1018 Pe-

106 1032 152 1065 tri
169 1034 218 1069 1.:
254 1035 334 1069 Non
349 1046 435 1069 auro
453 1036 602 1069 redemti
618 1036 718 1076 estis,
745 1036 805 1069 sed
834 1035 989 1078 precioso
1007 1047 1089 1069 san-

104 1082 228 1127 guine,
253 1093 423 1131 tanquam
439 1086 521 1130 agni
544 1086 778 1126 immaculati,
804 1084 949 1121 Christi.

217 1135 329 1169 LXV.
356 1136 405 1171 Ut
423 1144 539 1171 autem
556 1149 636 1171 vere
651 1137 695 1171 sit
710 1137 897 1178 redemtor,
920 1148 992 1169 non
1009 1143 1088 1170 tan-

104 1192 180 1219 tum
204 1186 371 1230 persolvit
394 1199 562 1232 poenam,
606 1188 666 1220 sed
698 1187 803 1220 etiam
828 1187 955 1221 liberat
978 1198 1043 1220 nos
1067 1199 1087 1220 a

103 1245 241 1279 peccato
266 1244 298 1272 et
325 1250 343 1271 a
363 1245 477 1272 morte
498 1245 658 1278 aeterna,
694 1238 774 1271 ideo
799 1243 832 1270 et
856 1238 929 1282 ipse
955 1238 1087 1270 revivi-

103 1287 167 1320 scit
184 1300 223 1320 ex
240 1295 370 1327 morte,
394 1296 427 1321 et
445 1288 598 1321 restituit
615 1288 718 1321 uobis
734 1287 907 1320 iusticiam
925 1294 958 1320 et
978 1288 1085 1320 vitam

103 1343 291 1374 aeternam.
343 1337 439 1371 Haec
466 1350 688 1382 nequaquam
714 1344 829 1381 posset
857 1337 989 1370 efficere
1013 1337 1085 1370 ulla

103 1395 283 1428 creatura,
318 1388 398 1421 ideo
422 1386 479 1421 hic
508 1389 686 1421 redemtor
713 1394 762 1420 est
784 1388 884 1421 Deus
909 1395 941 1421 et
965 1385 1086 1420 homo.

101 1436 196 1470 llaec
219 1438 262 1470 de
284 1439 480 1470 redemtore
504 1438 692 1478 diligenter
713 1437 967 1470 consideranda
993 1444 1086 1477 sunt,

100 1494 132 1521 et
148 1493 185 1521 ut
203 1488 340 1521 debitus
357 1487 388 1520 ei
404 1484 517 1520 honos
532 1487 716 1527 tribuatur,
743 1493 776 1519 et
791 1493 829 1520 ut
847 1487 929 1519 fides
946 1486 981 1518 in
999 1498 1084 1519 con-

97 1538 269 1572 solatione
282 1545 314 1572 et
331 1537 553 1570 invocatione
567 1544 707 1572 crescat.
736 1535 787 1569 Ac
802 1536 990 1577 diligenter
1000 1548 1084 1568 con-

98 1590 323 1622 siderandum
343 1595 392 1622 est
412 1599 541 1620 nomen
561 1586 785 1626 redemtoris,
809 1594 848 1620 ut
863 1585 988 1620 Esaiae
1004 1587 1082 1622 59.:

97 1639 142 1674 Et
161 1641 277 1673 veniet
292 1639 379 1672 Sion
397 1639 584 1681 redemtor,
611 1635 680 1678 his,
705 1637 764 1682 qui
783 1638 933 1671 redeunt
950 1638 994 1670 ab
1014 1638 1082 1670 ini-

98 1691 229 1736 quitate
256 1691 292 1722 in
314 1689 438 1729 Iacob,
466 1695 498 1722 et
523 1700 583 1730 ego
607 1686 674 1721 hoc
691 1689 814 1721 soedus
838 1688 903 1720 feci
924 1700 1003 1721 cum
1022 1688 1081 1727 eis,

97 1742 183 1776 dicit
207 1741 404 1774 Dominus:
440 1738 593 1782 Spiritus
616 1751 731 1779 meus,
755 1739 815 1784 qui
840 1745 890 1772 est
914 1739 951 1770 in
976 1745 1019 1777 te,
1048 1745 1082 1772 et

98 1794 202 1826 verba
217 1804 312 1832 mea,
341 1803 429 1836 quae
446 1789 547 1833 posui
566 1789 603 1821 in
621 1801 680 1822 ore
700 1796 780 1830 tuo,
808 1801 881 1822 non
901 1789 1082 1824 discedent

96 1845 140 1879 ab
159 1855 219 1877 ore
234 1849 306 1883 tuo,
335 1849 367 1875 et
384 1842 427 1874 ab
444 1853 504 1873 ore
525 1840 666 1873 seminis
683 1840 734 1873 tui
752 1852 846 1873 nunc
865 1846 897 1872 et
915 1840 952 1872 in
969 1846 1080 1873 aeter-

96 1907 195 1930 num.
248 1892 295 1926 Et
329 1891 392 1926 lob
423 1891 539 1936 inquit
569 1891 679 1935 capite
702 1891 968 1924 decimonono:
999 1890 1079 1924 Scio

97 1947 190 1992 quod
210 1945 386 1978 redemtor
405 1953 502 1975 meus
522 1941 617 1977 vivit,
668 1940 715 1975 Et
734 1948 849 1986 postea
867 1942 910 1973 de
934 1942 1078 1984 pulvere

97 2003 314 2030 surrecturus
331 2006 406 2027 sum
419 2021 426 2034 ‚
453 2000 484 2026 et
504 2003 623 2025 rursus
635 1992 869 2026 circundabor
887 1992 976 2034 pelle
995 2004 1080 2032 mea,

881 87 1387 127 PROPOSITIONES.

2067 96 2140 134 426

1154 176 1344 220 accipimus
1361 177 1602 212 remissionem
1618 187 1857 225 peccatorum,
1885 193 1946 226 per
1962 183 2138 218 redemto-

1153 238 1246 267 rem,
1274 234 1306 261 et
1324 235 1467 272 propter
1483 242 1579 271 eum,
1608 238 1748 276 etpater
1765 244 1845 266 vere
1863 244 1928 266 nos
1945 234 2079 279 recipit,
2104 243 2137 270 et

1152 277 1265 320 filius,
1306 279 1368 323 qui
1394 286 1444 313 est
1469 279 1625 314 Verbum
1646 283 1780 315 aeterni
1805 283 1932 327 patris,
1967 284 2006 317 in
2033 285 2137 319 nobis

1151 327 1302 362 vivificat
1319 340 1400 368 nos,
1426 336 1460 363 et
1474 332 1664 366 sanctificat
1679 332 1815 377 Spiritu
1831 345 1894 367 suo
1909 342 2040 371 sancto.
2090 333 2138 369 Et

1149 389 1233 419 nos,
1262 391 1463 425 quanquam
1485 379 1600 415 adhuc
1616 383 1654 416 in
1672 384 1775 416 nobis
1800 381 1945 419 haerent
1967 386 2138 431 reliquiae

1149 430 1299 472 peccati,
1333 437 1449 463 tamen
1475 431 1541 465 fide
1566 440 1709 477 propter
1732 435 1986 474 redemtorem,
2019 435 2135 470 Deum

1148 485 1181 512 et
1211 476 1408 522 hominem,
1451 482 1732 526 interpellantem
1765 485 1910 518 adsidue
1934 498 1998 530 pro
2022 487 2137 528 nobis,

1147 529 1338 573 accipimus
1377 532 1621 567 remissionem
1656 541 1896 577 peccatorum,
1946 543 1979 570 et
2016 549 2135 571 sumus

1146 580 1250 621 iusti,
1278 583 1408 625 accepti
1425 581 1522 624 Deo,
1550 592 1583 619 et
1601 584 1817 619 reconciliati
1836 586 2004 629 imputata
2030 588 2135 621 nobis

1144 630 1282 665 iusticia
1298 634 1515 670 redemtoris,

1247 681 1395 719 LXVII.
1428 682 1492 718 Est
1516 685 1624 728 igitur
1645 685 1852 720 iustificator
1872 685 2048 720 Dominus
2069 700 2134 721 no-

1143 737 1213 765 ster
1230 731 1326 767 Iesus
1344 732 1522 776 Christus,
1550 737 1741 769 secundum
1767 737 1925 770 divinam
1951 744 1983 771 et
2008 735 2135 771 huma-

1143 794 1225 815 nam
1262 791 1447 826 naturam,
1488 786 1613 819 merito
1648 794 1680 820 et
1716 787 2034 821 communicatione
2062 788 2132 821 sui:

1143 832 1291 874 Merito,
1317 835 1399 879 quia
1416 847 1551 880 semper
1567 838 1791 871 statuendum
1813 845 1881 879 est,
1908 850 1971 872 nos
1990 845 2134 883 propter

1143 883 1217 917 eius
1235 884 1473 919 obedientiam
1492 884 1619 920 habere
1637 888 1878 921 remissionem
1901 897 2134 933 peccatorum,

1143 941 1176 967 et
1202 934 1329 976 iustos,
1363 936 1400 968 id
1426 943 1496 976 est,
1528 939 1772 972 reconciliatos
1798 951 1859 973 seu
1883 947 2041 983 acceptos
2056 938 2132 973 Deo

1141 996 1213 1018 esse
1237 985 1305 1018 fide
1329 992 1474 1030 propter
1498 987 1633 1031 ipsum,
1672 988 1826 1023 Roman.
1848 990 1901 1025 5.:
1952 990 2133 1024 lustiticati

1141 1047 1237 1069 nunc
1253 1037 1423 1079 sanguine
1441 1037 1550 1081 ipsius
1561 1039 1777 1072 salvabimur
1792 1052 1854 1083 per
1870 1041 1997 1084 ipsum.
2026 1039 2131 1074 Item:

1138 1085 1375 1120 Reconciliati
1411 1099 1531 1121 sumus
1561 1087 1636 1122 Deo
1672 1101 1735 1133 per
1772 1097 1921 1123 mortem
1964 1091 2027 1123 filii
2068 1091 2131 1123 sui.

1139 1135 1244 1170 Item:
1283 1137 1352 1170 Per
1374 1138 1612 1172 obedientiam
1636 1140 1742 1173 unius
1770 1140 1853 1174 iusti
1873 1142 2133 1175 constituentur

1138 1187 1253 1223 multi.
1306 1187 1455 1223 Hebrae.
1474 1189 1549 1224 10.:
1583 1189 1799 1224 Sanctificati
1818 1203 1937 1225 sumus
1953 1204 2014 1236 per
2031 1192 2130 1224 obla-

1137 1237 1270 1272 tionem
1289 1239 1448 1283 corporiS
1464 1238 1543 1273 lesu
1561 1237 1696 1274 Christi
1711 1242 1831 1275 semel.
1885 1241 1980 1275 llaec
1994 1243 2036 1275 de
2057 1254 2130 1275 me-

1138 1287 1207 1321 rito
1232 1289 1302 1322 dici
1326 1290 1551 1323 manifestum
1576 1298 1645 1331 est,
1678 1303 1757 1324 cum
1782 1304 1942 1336 expresse
1970 1293 2128 1326 nominet

1137 1338 1352 1371 oblationem
1365 1340 1521 1382 corporiS
1529 1338 1660 1373 Christi
1672 1342 1778 1374 semel
1789 1343 1925 1375 factam.
1945 1341 2128 1387 Ephes.1.:

1136 1386 1205 1420 Per
1233 1400 1336 1433 quem
1369 1386 1538 1422 habemus
1563 1391 1815 1425 redemtionem
1839 1404 1901 1436 per
1921 1394 2127 1436 sanguinem

1137 1438 1229 1477 eius,
1256 1438 1497 1471 remissionem
1517 1447 1747 1482 peccatorum.
1782 1441 2011 1478 1.lohan.1.:
2037 1444 2128 1478 Sau-

1136 1487 1213 1527 guis
1239 1486 1317 1519 Iesu
1339 1486 1471 1522 Clu-isti
1498 1490 1656 1532 purificat
1686 1503 1750 1524 nos
1779 1492 1823 1524 ab
1853 1494 1950 1525 omni
1974 1501 2127 1536 peccato.

1136 1534 1260 1570 Esaiae
1277 1536 1355 1570 53.:
1388 1537 1519 1571 Livore
1548 1540 1622 1572 eius
1656 1541 1766 1574 sanati
1791 1553 1923 1578 sumus.
1976 1543 2070 1577 Hace
2094 1551 2127 1578 et

1134 1586 1261 1620 similia
1281 1587 1371 1620 dIcta
1392 1588 1488 1633 loqui
1508 1590 1550 1622 de
1567 1588 1722 1624 Domino
1742 1599 1859 1625 nostro
1878 1592 1955 1626 Iesu
1973 1592 2126 1634 Christo,

1134 1635 1209 1670 Deo
1230 1646 1262 1672 ct
1280 1635 1442 1679 homine,
1461 1646 1492 1673 et
1511 1641 1553 1672 de
1570 1640 1644 1673 eius
1661 1642 1872 1683 obedientia,
1899 1644 2124 1678 manifestum

1134 1695 1194 1723 est.
1228 1687 1380 1732 Oportet
1398 1689 1504 1732 igitur
1522 1691 1587 1723 fide
1604 1691 1732 1725 intueri
1750 1694 1993 1735 mediatorem,
2010 1695 2123 1729 Deum

1135 1745 1166 1771 et
1187 1736 1381 1778 hominem,
1410 1747 1443 1774 et
1460 1747 1629 1780 statuere,
1658 1744 1752 1787 quod
1772 1752 1913 1788 propter
1931 1743 2026 1778 hunc
2044 1758 2123 1778 vere

1133 1789 1201 1822 sint
1225 1796 1313 1823 tecta
1339 1798 1477 1833 peccata
1497 1798 1634 1829 nostra,
1664 1794 1756 1827 iuxta
1778 1795 1886 1828 illud:
1915 1795 2014 1829 Beati
2034 1809 2123 1841 quo-

1132 1851 1210 1872 rum
1235 1841 1398 1873 remissae
1423 1849 1505 1876 sunt
1530 1843 1755 1888 iniquitates,
1798 1852 1829 1879 et
1858 1859 2009 1890 quorum
2035 1854 2122 1880 tecta

1130 1897 1212 1923 sunt
1230 1897 1379 1934 peccata.
1432 1891 1527 1925 Ilaec
1545 1895 1739 1927 consolatio
1758 1896 1859 1929 etiam
1880 1905 1954 1940 post
1978 1909 2121 1940 regene-

1132 1941 1305 1974 rationem
1333 1943 1498 1975 omnibus
1526 1945 1654 1977 sanctis
1680 1945 1715 1977 in
1745 1943 1807 1979 hac
1831 1947 1901 1980 x‘ita
1930 1948 2120 1981 necessaria

1131 1998 1191 2025 est.
1247 1990 1388 2024 Nitatur
1408 1993 1490 2025 fides
1507 1994 1633 2027 merito
1660 2001 1691 2027 et
1718 1995 1965 2030 intercessione
1990 1998 2119 2030 summi

95 2056 124 2081 et
145 2048 181 2081 in
200 2057 303 2079 carne
322 2057 397 2077 mea
414 2044 540 2076 videbo
557 2042 691 2082 Deum,
715 2056 815 2088 quem
836 2043 974 2075 visurus
999 2053 1076 2075 sum
1102 2031 1106 2070 Ι
1130 2040 1500 2080 Sacerdotis'Cllristi,
1529 2044 1621 2077 iuxta
1647 2046 1796 2078 dictum:
1826 2046 1953 2080 'l'otius
1973 2049 2118 2081 fiduciae

94 2111 156 2140 ego
183 2098 275 2141 ipse,
304 2102 336 2128 et
359 2095 451 2127 oculi
479 2094 545 2126 mci
571 2094 786 2137 conspicient
811 2106 909 2134 eum,
943 2100 975 2126 et
1002 2105 1074 2126 non

94 2151 193 2183 alius.
248 2146 355 2181 Recte
371 2146 526 2188 agnoscit
546 2144 762 2185 Dominum,
791 2145 849 2189 qui
878 2151 927 2177 est
946 2144 1074 2177 libera-

95 2209 166 2241 tor,
193 2206 226 2232 et
250 2197 424 2242 persolvet
448 2195 621 2240 precium,
649 2202 681 2229 et
702 2197 823 2229 reddet
847 2195 876 2229 ei
901 2195 1072 2228 iusticiam

96 2259 128 2285 et
147 2251 252 2284 vitam
268 2256 456 2281 aeternam.
508 2245 598 2279 Cum
624 2246 716 2278 enim
744 2246 876 2292 inquit:
905 2245 948 2279 In
970 2258 1073 2279 carne

94 2314 168 2335 mea
195 2300 322 2333 videbo
340 2299 476 2337 Deum,
503 2298 607 2330 simul
635 2297 795 2331 adfirmat
813 2296 948 2330 restitui
967 2297 1072 2329 vitam

95 2360 126 2386 et
154 2350 325 2384 iusticiam
351 2356 545 2388 aeternam,
579 2360 667 2393 quae
698 2345 1009 2392 comprehenditur
1036 2347 1073 2379 in

95 2402 158 2436 hac
180 2401 429 2445 descriptione,
458 2400 583 2432 videbo
610 2399 740 2434 Deum.
791 2398 935 2433 Resutat
961 2404 993 2431 et
1018 2398 1072 2430 su-

96 2465 191 2487 rores
214 2463 355 2490 eorum,
381 2452 442 2496 qui
466 2450 641 2484 somniant
660 2447 925 2495 Pythagoricam
943 2448 1071 2491 migra-

95 2505 227 2537 tionem
239 2503 446 2538 animarum.
472 2500 717 2546 Inquitenim:
733 2498 808 2543 Ego
820 2499 959 2538 videbe,
979 2499 1071 2532 oculi

93 2555 181 2593 mei,
209 2553 442 2587 circundabor
460 2552 549 2596 pelle
565 2563 658 2592 mea,
683 2558 746 2585 etc.

206 2602 334 2638 LXVI.
370 2602 612 2637 Redemtionis
635 2602 821 2646 applicatio
848 2602 891 2635 ad
914 2612 994 2641 nos,
1021 2607 1071 2635 est

95 2655 307 2697 iustificatio,
334 2666 413 2688 cum
431 2653 549 2688 audita
565 2665 649 2688 voce
664 2651 862 2697 Evangelii,
890 2664 951 2696 per
967 2652 1070 2686 fidem

1128 2092 1302 2125 certitudo
1321 2093 1421 2126 estin
1442 2094 1599 2136 precioso
1617 2097 1786 2137 sanguine
1802 2095 1946 2131 Christi.

1231 2142 1396 2177 LXYIII.
1434 2144 1473 2177 In
1492 2144 1550 2177 illa
1570 2145 1641 2189 ipsa
1660 2159 1741 2179 veru
1761 2149 2019 2188 consolatione,
2047 2161 2114 2193 qua

1126 2205 1191 2226 nos
1207 2195 1325 2227 audita
1346 2206 1429 2227 voce
1446 2193 1633 2238 Evangelii
1658 2205 1913 2237 sustentamur,
1943 2206 1973 2232 et
1994 2200 2028 2231 in
2047 2212 2114 2244 qua

1125 2245 1363 2284 vivificamur,
1391 2252 1418 2278 et
1440 2257 1480 2278 ex
1495 2246 1680 2280 doloribus
1699 2248 1891 2281 inferorum
1911 2250 2114 2288 liberanmr,

1126 2307 1206 2328 vere
1238 2296 1274 2328 sit
1308 2296 1524 2337 regeneratio
1556 2299 1598 2329 ad
1624 2297 1729 2331 vitam
1754 2306 1951 2341 aeternam,
1992 2312 2055 2333 nec
2079 2301 2113 2334 fu

1125 2346 1239 2379 ociosa
1257 2347 1512 2390 speculatione,
1540 2348 1599 2380 sed
1620 2360 1821 2394 quanquam
1839 2350 1874 2382 in
1897 2351 1973 2384 aliis
1991 2352 2113 2394 magis,

1125 2397 1161 2429 in
1179 2397 1256 2430 aliis
1271 2397 1388 2430 minus
1405 2398 1605 2431 sentiuntur
1622 2396 1657 2430 hi
1677 2406 1811 2442 motus,
1849 2407 1966 2434 tamen
1989 2402 2112 2435 sentiri

1124 2459 1182 2481 eos
1199 2460 1269 2480 non
1288 2448 1436 2482 dubium
1455 2454 1521 2484 est,
1555 2448 1648 2482 iuxta
1666 2450 1756 2484 dicta
1773 2452 1815 2483 de
1832 2453 2043 2489 terroribus,
2079 2460 2109 2485 et

1123 2500 1166 2532 de
1187 2499 1437 2533 consolatione.
1488 2496 1612 2532 Esaiae
1629 2501 1705 2535 38.:
1740 2501 1839 2536 Sicut
1866 2503 1918 2536 leo
1944 2504 2107 2536 contrixit

1122 2549 1240 2583 omnia
1272 2560 1347 2581 ossa
1376 2560 1463 2582 mea.
1516 2549 1603 2584 Item
1627 2549 1732 2587 Rom.
1751 2550 1802 2585 5.:
1840 2552 2020 2588 iustificati
2044 2554 2109 2585 lide

1122 2611 1239 2645 pacem
1257 2596 1425 2632 habemus
1441 2600 1534 2644 apud
1551 2599 1676 2636 Deum.
1709 2600 1802 2647 Eph.
1821 2603 1870 2639 4‚:
1900 2603 2108 2637 Accedimus

1121 2651 1164 2685 ad
1177 2662 1256 2684 eum
1276 2662 1354 2684 cum
1372 2650 1509 2685 fiducia.
1535 2649 1683 2690 Aba.2.:
1713 2652 1827 2688 Iustus
1843 2655 1909 2688 fide
1926 2667 1984 2688 sua
2004 2654 2108 2688 vivet.
