2324 2955
93 136 167 173 509

192 220 252 257 29.
287 220 502 267 Quanquam
525 220 625 255 Deus
645 221 749 265 punit
776 229 933 266 peccata,
960 228 1077 256 tamen

90 274 204 308 claves
225 284 299 307 non
323 270 455 306 habent
477 278 682 315 potestatem
701 273 904 307 remittendi
922 284 978 307 eas
993 284 1077 317 poe-

88 335 152 358 nas
168 335 282 369 neque
299 321 517 367 imponendi.

187 374 249 408 50.
289 374 364 406 Imo
381 372 533 416 graviter
551 373 697 407 laedunt
712 372 896 417 Evangelii
916 373 1076 418 gloriam,

89 424 152 470 qui
175 425 301 458 docent
320 423 433 456 claves
451 434 523 456 esse
541 430 745 468 potestatem
764 425 972 469 imponendi
991 436 1075 469 poe-

87 485 167 513 nas,
194 485 274 507 cum
290 473 334 508 sit
347 474 554 508 mandatum
570 475 772 508 remittendi
790 475 1062 519 peccata-gratis.

187 532 234 566 31
277 531 349 567 Nec
386 540 479 568 recte
517 533 648 566 dicitur
678 531 746 566 hoc
775 534 819 568 ab
851 535 1072 576 adversariis,

85 581 249 617 Iusticiae
279 584 421 617 divinae
447 595 533 625 esse,
569 584 606 616 in
630 584 837 618 remissione
859 586 982 631 culpae
1007 597 1072 630 pro

84 633 232 678 singulis
248 634 398 679 peccatis
414 640 522 668 certas
541 645 671 677 poenas
687 634 856 678 infligere.

187 693 246 729 32.
292 692 456 727 Laedunt
488 693 591 727 etiam
624 694 772 736 gloriam
803 693 954 737 Christi,
992 707 1071 728 cum

84 743 219 785 dicunt,
244 755 373 788 poenas
387 750 544 777 aeternas
559 744 689 778 remitti
705 752 849 790 propter
863 747 961 779 illam
975 757 1071 779 com-

81 795 325 838 pensationem
355 806 550 839 poenarum
580 797 838 840 temporalium.
907 793 1071 830 Christus

83 844 176 878 enim
193 851 244 878 est
260 845 373 879 victor
389 845 513 880 mortis
530 852 701 880 aeternae.

184 904 245 938 33.
281 901 360 938 Etsi
386 916 509 938 verum
534 912 601 944 est,
629 917 760 949 poenas
785 906 821 938 in
849 903 912 939 hac
930 905 1000 940 vita
1016 918 1070 939 re-

81 953 177 988 mitti
196 961 257 988 aut
272 955 443 998 mitigari,
471 955 561 989 sicut
579 962 724 999 apparet
741 956 778 988 in
797 954 944 989 historia
964 956 1069 990 Nini-

81 1004 244 1039 vitarum.
296 1003 344 1040 Et
359 1003 537 1049 Propheta
561 1006 625 1040 ait:
655 1004 912 1040 Convertimini
933 1008 976 1040 ad
1001 1019 1069 1051 me,

82 1061 115 1089 et
130 1066 191 1099 ego
210 1062 394 1090 convertar
409 1056 454 1090 ad
471 1067 534 1090 vos
553 1063 616 1092 etc.

183 1113 244 1150 34.
286 1113 424 1148 Tamen
446 1114 697 1149 satisfactiones
720 1115 756 1149 id
781 1127 855 1149 non
878 1122 1069 1155 merentur,

81 1165 141 1198 sed
158 1171 234 1198 tum
249 1165 334 1199 fides
350 1166 513 1209 impetrat
528 1165 566 1198 in
582 1166 809 1209 poenitentia,
838 1173 911 1199 tum
929 1178 1068 1199 meren-

81 1221 140 1248 tur
156 1215 195 1248 in
211 1216 427 1249 renunciatis
442 1216 515 1248 veri
531 1216 646 1249 cultus
656 1215 734 1257 Dei,
760 1217 821 1261 qui
838 1215 969 1249 habent
985 1229 1068 1260 pro-

79 1265 302 1305 missionem,
337 1272 371 1299 et
394 1264 519 1299 Esaiae
535 1264 609 1299 58.:
642 1265 780 1309 Frange
805 1266 974 1301 esurienti
1006 1278 1067 1310 pa-

80 1326 180 1360 nem,
208 1323 244 1349 et
259 1315 434 1350 Dominus
451 1316 516 1349 tibi
534 1316 633 1350 dabit
648 1317 816 1362 requiem.

183 1374 242 1409 35.
278 1373 368 1407 Nam
392 1373 644 1408 satisfactiones
668 1382 749 1408 sunt
772 1375 978 1409 traditiones
1000 1372 1067 1407 liu-

79 1435 222 1465 manae,
248 1436 336 1469 quae
352 1431 435 1458 sunt
453 1425 545 1457 irriti
562 1425 686 1458 cultus.

181 1475 240 1508 36.
278 1473 370 1507 lllud
387 1474 490 1507 etiam
514 1474 740 1507 salsissimum
760 1481 830 1517 est,
858 1475 1065 1508 satisfactio-

78 1525 184 1559 nibus
194 1524 271 1558 tolli
284 1535 425 1568 poenas,
453 1524 588 1557 etiamsi
600 1524 684 1557 fiant
695 1524 732 1556 in
744 1531 883 1567 peccato
895 1524 1049 1558 mortali.

177 1582 238 1618 37.
273 1582 343 1616 Sed
366 1582 447 1615 illae
469 1581 575 1615 falsae
599 1583 840 1626 persuasiones
862 1583 906 1616 de
930 1583 1066 1616 satissa-

77 1634 254 1668 ctionibus
279 1633 362 1666 inde
387 1639 483 1666 ortae
506 1638 606 1673 sunt,
639 1634 734 1677 quod
758 1630 967 1667 Scholastici
991 1645 1064 1665 rem

77 1684 256 1729 politicam
272 1684 530 1716 transtulerunt
545 1684 588 1715 ad
605 1690 764 1726 agentem
781 1695 859 1716 cum
871 1682 957 1723 Deo,
984 1695 1062 1715 cum

77 1741 214 1768 tantum
238 1734 429 1777 pertineret
451 1734 493 1766 ad
510 1734 706 1776 exemplum
724 1746 839 1766 coram
858 1731 1064 1767 hominibus

76 1782 326 1818 exhibendum.

178 1834 238 1869 38.
276 1833 328 1868 lta
352 1834 387 1866 in
412 1833 534 1866 multis
551 1832 628 1865 aliis
648 1834 800 1875 negociis
818 1834 1063 1880 imprudenter

77 1886 299 1920 confundunt
316 1883 458 1929 politica
477 1891 510 1917 et
528 1883 730 1927 spiritualia.

176 1935 237 1971 39.
272 1935 324 1970 De
347 1934 470 1979 poenis
492 1932 558 1967 hoc
582 1936 745 1978 proderat
767 1937 902 1969 (locere.
952 1934 1062 1969 Exer-

76 1988 146 2021 ceri
170 1999 233 2021 nos
255 1998 273 2020 a
289 1986 365 2021 Deo
383 1985 663 2027 adflictionibus,
690 1993 727 2020 ut
744 1987 787 2019 ad
807 1987 1060 2030 poenitentiam

77 2050 254 2073 vocemur.
306 2035 415 2077 Item,
441 2043 480 2070 ut
506 2036 589 2069 fides
612 2036 649 2068 in
671 2037 934 2071 adflictionibus
950 2048 986 2070 se
1003 2050 1062 2070 ex-

76 2095 150 2122 erat
170 2095 202 2123 et
219 2095 358 2122 crescat.
412 2086 518 2127 Item,
545 2086 697 2129 mitigari
711 2088 925 2121 calamitates
943 2089 1061 2132 publi-

75 2151 131 2173 cas
145 2146 178 2173 et
194 2139 364 2183 privatas,
392 2144 535 2182 propter
550 2149 666 2170 veram
686 2139 949 2182 poenitentiam.

173 2189 234 2225 40.
270 2188 455 2223 Caeterum
474 2186 540 2222 hoc
558 2195 710 2227 constat,
738 2201 855 2223 veram
875 2190 1060 2234 poeniten-

76 2240 159 2274 tiam
178 2252 251 2273 non
269 2251 340 2274 esse
357 2240 529 2282 ociosam,
556 2240 614 2272 sed
634 2240 770 2273 fructus
787 2241 899 2274 honos
918 2253 1049 2285 parere.

179 2290 238 2327 41.
270 2288 319 2325 At
342 2291 476 2324 fructus
499 2290 551 2323 illi
577 2302 690 2335 neque
716 2302 780 2335 pro
799 2292 919 2336 culpa,
947 2304 1061 2337 neque,

75 2353 140 2386 pro
164 2348 303 2376 aeterna
326 2348 439 2376 morte
464 2342 579 2386 precia
598 2348 688 2374 sunt.
741 2340 830 2374 Nam
847 2340 931 2376 haec
949 2343 1060 2386 gloria

75 2393 222 2427 debetur
245 2389 406 2434 Christo,
439 2393 499 2438 qui
525 2392 587 2426 ait:
624 2390 700 2435 Ego
724 2403 783 2425 ero
806 2404 902 2427 mors
928 2400 1005 2435 tua,
1040 2407 1060 2427 o

74 2454 181 2479 mors.
311 2454 314 2457 ’

493 2525 640 2562 ΕιῙιὶσα.

179 2592 240 2627 42.
285 2590 492 2626 Aristoteles
518 2600 607 2628 recte
631 2593 732 2628 dicit:
767 2592 874 2628 Ratio
900 2592 1062 2629 hortatur

77 2644 120 2677 ad
144 2642 287 2687 optima.
339 2640 386 2677 Et
408 2650 524 2677 tamen
549 2656 670 2679 verum
694 2651 762 2688 est,
790 2646 953 2692 quodrait
968 2645 1060 2682 Pau-

78 2693 148 2730 lus:
173 2692 303 2730 Sensus
319 2694 433 2744 earnis
450 2705 545 2730 mors
563 2702 623 2735 est.

725 135 986 173 PHILIPPI
1016 132 1470 174 MELANTHole.

2051 139 2125 175 510

1234 222 1296 259 43.
1331 223 1413 258 Non
1433 231 1525 258 recte
1542 230 1728 259 senserunt
1746 223 1873 265 Stoici,
1901 234 2024 258 omnes
2040 224 2125 257 affe-

1131 278 1206 306 ctus
1230 274 1267 306 in
1293 281 1420 308 natura
1445 272 1600 308 hominis
1624 275 1774 308 viciosos
1794 287 1875 311 esse.
1929 274 2019 309 Nam
2037 274 2124 308 affe—

1130 329 1204 357 ctus
1221 325 1344 359 tollere
1362 333 1413 360 est
1428 332 1588 359 naturam
1604 326 1739 362 tollere.

1130 440 1326 490 (XLIV.)
1368 446 1476 481 Alia
1521 446 1817 490 disputatio:
1868 445 1914 480 de
1944 444 2117 490 partibus

1128 495 1407 540 Poenitentiae,
1435 502 1470 531 et
1498 497 1544 532 de
1569 497 1787 532 discrimine
1803 495 2117 541 satisfactionum

1216 550 1254 579 et
1269 557 1485 591 poenarum.
1537 550 1639 590 (Opp.
1656 550 1747 581 Basti.
1766 549 1804 580 T.
1820 548 1878 580 111.
1898 562 1927 590 p.
1944 551 2032 586 335.)

1126 621 1332 662 Prudenter
1366 630 1596 663 iudicandum
1630 636 1679 662 est
1710 630 1753 662 de
1783 629 1891 662 veteri
1924 629 2114 672 partitione

1126 679 1375 722 poenitentiae,
1403 681 1440 713 in
1457 692 1526 725 qua
1541 686 1610 713 tres
1627 686 1740 723 partes
1756 686 1994 720 recensentur,
2019 677 2116 711 Con-

1126 729 1240 769 tritio,
1267 728 1449 764 Confessio
1469 737 1501 764 et
1518 730 1728 764 Satisfactio.

1226 780 1259 813 2.
1303 780 1582 824 improbandum
1614 781 1708 813 enim
1732 787 1798 821 est,
1826 781 1919 825 quod
1944 780 1981 812 in
2004 779 2115 823 parti-

1125 830 1190 864 bus
1208 831 1444 874 poenitentiae
1462 844 1533 864 non
1550 832 1682 864 faciunt
1702 831 1918 864 mentionem
1934 831 2027 865 fidei.

1227 881 1262 914 3.
1295 879 1341 914 Et
1358 881 1556 916 Satisfactio
1581 882 1665 915 oliin
1685 882 1751 915 fuit
1769 883 1938 927 quaedam
1955 881 2114 914 ccclesia·

1124 931 1208 965 stica
1235 931 1440 975 disciplina,
1474 933 1625 976 exempli
1648 944 1749 965 causa
1775 933 1818 965 ab
1843 931 2028 976 Episcopis
2054 932 2111 963 in-

1123 982 1264 1023 stituta,
1298 989 1402 1024 atque
1433 983 1517 1015 inde
1544 994 1675 1015 nomen
1701 983 1738 1014 in
1753 981 1909 1016 Ecclesia
1935 983 2112 1026 reliquum

1123 1039 1185 1066 cst.
1252 1031 1438 1068 Caeterum
1468 1033 1529 1065 illa
1554 1033 1715 1065 doctrina
1739 1033 1782 1065 de
1805 1032 2112 1072 satisfactionibus,

1123 1094 1226 1128 quam
1252 1095 1347 1116 nunc
1371 1085 1499 1117 docent
1515 1081 1743 1123 scholastici,
1776 1090 1848 1117 tota
1866 1082 2112 1117 commenticia

1122 1141 1155 1168 et
1170 1133 1256 1166 falsa
1273 1140 1334 1167 cst.

1224 1184 1260 1217 4.
1303 1183 1513 1217 Retinemus
1539 1184 1647 1227 igitur
1669 1182 1950 1225 Contritioncm,
1982 1185 2041 1217 sed
2067 1185 2110 1217 de

1121 1231 1187 1267 hac
1202 1241 1294 1268 recte
1314 1235 1465 1267 docendi
1479 1242 1562 1268 sunt
1576 1233 1749 1268 homines.

1224 1283 1256 1318 5.
1295 1284 1472 1318 Contritio
1496 1285 1559 1318 etsi
1583 1286 1809 1328 praecipuum
1837 1297 1925 1329 opus
1947 1292 1995 1318 est
2015 1286 2111 1327 legis,

1121 1342 1239 1368 tamen
1262 1347 1335 1367 non
1355 1342 1508 1368 meretur
1525 1335 1766 1367 remissionem
1782 1342 2022 1379 peccatorum,
2050 1336 2111 1368 sed

1121 1386 1223 1418 affert
1245 1391 1407 1419 mortem.
1461 1384 1513 1418 Ac
1534 1385 1563 1418 si
1584 1385 1620 1418 id
1637 1397 1725 1429 opus
1745 1385 1912 1418 eximium
1931 1385 2016 1429 legis
2034 1397 2108 1418 non

1120 1443 1274 1469 meretur
1311 1434 1571 1475 remissionem,
1612 1442 1742 1480 quanto
1776 1436 1893 1469 minus
1922 1436 1990 1469 alia
2024 1436 2110 1478 legis

1120 1497 1225 1529 opera
1242 1485 1409 1518 inferiora
1425 1492 1605 1518 merentur
1619 1486 1860 1518 remissionem
1876 1492 2109 1530 peccatorum.

1221 1536 1256 1570 6.
1292 1534 1397 1567 Fides
1419 1546 1499 1577 ergo
1523 1536 1566 1568 ad
1593 1536 1841 1569 contritionem
1866 1537 2028 1569 accedere
2047 1538 2109 1569 de-

1119 1586 1196 1627 bet,
1223 1583 1290 1619 hoc
1313 1592 1381 1622 est,
1407 1586 1534 1618 fiducia
1556 1586 1591 1618 in
1611 1584 1810 1627 Christum,
1839 1599 1927 1631 quae
1944 1599 2024 1620 vere
2042 1587 2108 1619 im-

1119 1642 1230 1680 petrat
1249 1636 1488 1669 remissionem
1507 1643 1728 1680 peccatorum
1746 1637 1862 1679 gratis.

1222 1686 1255 1719 7.
1283 1685 1465 1718 Confessio
1485 1693 1627 1730 propter
1645 1688 1904 1721 absolutionem
1921 1688 2107 1722 retinenda

1119 1743 1185 1777 est,
1212 1737 1270 1770 sed
1296 1736 1360 1777 ita,
1388 1743 1425 1769 ut
1448 1737 1642 1770 doceantur
1663 1735 1842 1782 homiues,
1868 1739 2107 1772 enumeratio—

1118 1798 1197 1819 nem
1230 1787 1439 1820 delictorum
1472 1799 1545 1820 non
1579 1800 1651 1822 esse
1684 1789 1929 1830 necessariam,
1973 1801 2035 1823 nec
2070 1790 2107 1822 in

1117 1835 1311 1879 Evangelio
1332 1838 1495 1882 praecipi.

1220 1889 1252 1921 8,
1287 1887 1380 1921 Illud
1398 1889 1547 1921 maxime
1564 1892 1812 1932 praestandum
1830 1898 1888 1931 est,
1913 1898 1951 1925 ut
1967 1903 2045 1925 cum
2062 1893 2106 1924 de

1116 1939 1332 1982 poenitentia
1351 1940 1522 1972 docentur
1540 1937 1718 1978 homines,
1746 1942 1932 1983 diligenter
1951 1942 2105 1975 illustre-

1117 1996 1174 2022 tur
1200 1997 1232 2022 et
1257 1989 1392 2033 patefiat
1418 1990 1578 2022 doctrina
1601 1991 1644 2022 de
1664 1991 1741 2025 fide.
1798 1991 1880 2024 Ideo
1898 2004 1970 2025 non
1989 1999 2104 2036 partes

1117 2039 1354 2083 poenitentiae
1372 2040 1576 2083 praecipuas
1593 2041 1777 2085 ponimus,
1804 2042 2053 2075 contritionem
2071 2049 2103 2075 et

1116 2092 1234 2131 fidem,
1260 2091 1387 2135 quibus
1401 2091 1541 2135 proprie
1553 2103 1631 2125 cum
1641 2090 1717 2125 Deo
1729 2099 1836 2135 agunt
1847 2092 2092 2127 conscientiae.

1218 2141 1252 2176 9.
1294 2141 1558 2175 satisfactiones
1589 2143 1833 2186 repudiamus,
1869 2144 1950 2188 quia
1982 2144 2102 2178 multis

1114 2193 1229 2226 modis
1246 2193 1434 2226 obscurant
1451 2190 1696 2236 Evangelium.

1221 2243 1277 2276 10.
1320 2243 1429 2277 Recte
1460 2244 1613 2278 fatentur
1636 2245 1848 2286 adversarii,
1882 2247 1976 2290 quod
2000 2247 2102 2280 satis-

1115 2294 1283 2328 factiones
1300 2306 1373 2327 non
1390 2301 1591 2327 mereantur
1608 2295 1849 2328 remissionem
1867 2297 2000 2341 culpae.

1221 2345 1276 2377 11.
1330 2344 1429 2378 Falsa
1464 2352 1514 2378 est
1548 2346 1770 2387 imaginatio,
1810 2347 1941 2380 remitti
1973 2359 2103 2391 poenas

1114 2403 1289 2436 aeternas,
1316 2402 1518 2440 propterca,
1546 2396 1627 2440 quia
1644 2403 1904 2432 commutentur
1920 2398 1955 2431 in
1973 2409 2103 2443 poenas

1115 2448 1334 2491 temporales.

1221 2498 1277 2532 12.
1312 2496 1454 2529 Falsum
1479 2503 1511 2531 et
1537 2494 1603 2531 hoc
1628 2504 1695 2539 est,
1722 2505 1925 2543 potestatem
1950 2501 2101 2534 clavium

1115 2545 1245 2581 habere
1267 2549 1491 2589 mandatum,
1526 2554 1564 2581 ut
1588 2556 1721 2592 partem
1745 2551 1992 2595 temporalium
2017 2562 2101 2595 poe—

1116 2610 1242 2633 narum
1260 2598 1432 2637 remittat,
1459 2605 1593 2643 partem
1613 2599 1752 2644 irroget.

1220 2648 1276 2682 13.
1312 2647 1456 2683 Falsum
1480 2656 1513 2683 et
1532 2647 1599 2683 hoc
1615 2657 1684 2690 est,
1711 2663 1814 2696 opera
1833 2652 1948 2685 debita
1969 2652 2100 2695 persol-

1115 2710 1195 2734 vere
1214 2699 1291 2734 illas
1307 2711 1457 2744 poenaS,
1481 2707 1514 2738 et
1530 2701 1673 2747 quidem
1689 2701 1726 2736 in
1741 2709 1880 2748 peccato
1897 2702 2051 2737 mortali.
