2324 2955
116 120 192 158 595

118 212 233 239 turam
258 200 471 243 humanam,
498 202 588 236 sicut
613 197 720 233 homo
744 205 796 233 est
819 210 932 233 unum
948 192 1108 244 ὑφιστά-

118 266 251 301 μενον,
280 251 415 288 habens
433 253 587 286 animam
608 257 640 284 et
657 261 796 294 corpus,
850 248 925 282 Hac
941 248 1109 281 similitu·

119 306 204 341 dine
218 305 272 340 usi
289 313 371 340 sunt
387 301 614 343 Athanasius,
633 300 801 349 Cyrillus,
820 307 853 334 et
870 299 1024 333 Iustinus
1047 298 1108 343 qui

118 365 238 393 tamen
265 357 362 390 addit
387 354 660 388 correctionem:
695 349 789 391 τινὲς
819 348 889 396 μὲν
916 348 984 396 τὴν
1018 348 1108 384 ἕνω-

119 419 200 449 σιν,
227 405 277 445 ὥς
290 407 413 452 ψυχῆς
430 403 520 451 πρὸς
542 407 652 449 σῶμα
674 400 896 448 νοήσαντες,
927 399 1046 440 οὕτως
1068 400 1107 434 ἐκ

119 454 346 498 δεδώκασιν,
372 455 435 491 καὶ
457 453 639 503 ἁρμόδιον
665 467 708 503 γε
732 451 775 488 τὸ
793 449 1051 501 παράδειγμα,
1076 451 1107 486 εὶ

117 506 280 554 μὴκατὰ
297 505 439 550 πάντα,
465 505 560 542 κατὰ
580 504 616 541 τὶ
633 507 740 553 γοῦν.

220 576 282 614 27.
318 576 365 611 Ut
391 576 498 620 igitur
526 575 747 609 discernatur
767 571 929 608 Christus
955 572 999 605 ab
1030 569 1108 604 aliis

119 628 270 669 sanctis,
299 628 498 662 retinentur
524 624 590 660 hae
609 625 870 670 propositiones
887 625 923 657 in
941 621 1108 662 Ecclesia,

118 678 215 713 Deus
237 687 288 714 est
307 690 444 724 passus,
472 676 566 711 Deus
590 683 640 710 est
656 683 827 710 mortuus.
881 675 992 708 Paulo
1011 673 1108 706 adest

119 728 214 763 Deus
236 731 420 769 societate,
448 741 507 762 seu
536 736 573 762 ut
598 728 812 772 opitulator,
839 734 872 760 et
891 728 989 759 adest
1007 735 1107 767 sepa-

121 781 296 822 rabiliter,
323 792 387 814 nec
411 779 513 814 Pauli
535 791 682 824 persona
707 786 758 812 est
775 777 880 814 Deus.
935 776 1018 809 ldeo
1035 786 1108 806 non

119 831 272 865 dicimus
292 832 404 866 Deum
429 831 682 876 pativpatiente
708 829 840 869 Paulo,
868 829 927 861 sed
957 825 1109 872 patiente

118 879 262 916 Christo
289 883 424 928 patitur
447 894 614 926 persona,
651 892 740 926 quae
765 886 816 913 est
841 877 950 912 Deus.
1013 875 1109 909 Haec

117 933 231 967 forma
250 934 421 979 loquendi
439 934 645 966 nominatur
661 930 935 964 communicatio
951 923 1110 972 ἰδιωμά-

119 996 212 1026 των,
241 997 330 1031 quae
347 991 380 1018 et
405 985 442 1017 in
458 995 619 1017 sermone
639 981 762 1015 divino
781 982 817 1013 in
843 978 1058 1025 propheticis
1078 985 1111 1011 et

119 1036 330 1079 evangelicis
354 1034 620 1068 narrationibus
633 1039 844 1076 usurpatur,
871 1039 910 1065 ut
928 1028 1035 1064 Zach.
1055 1030 1111 1063 12.

119 1086 206 1121 dicit
228 1087 321 1120 filius
348 1085 414 1120 Dei
447 1092 527 1119 ante
562 1084 821 1118 adsumtionem
848 1081 1023 1116 humanae
1047 1093 1111 1113 na-

119 1144 236 1171 turae:
265 1138 474 1182 Adspicient
492 1138 534 1169 ad
553 1148 628 1176 me,
655 1147 759 1180 quem
777 1135 1012 1167 confixerunt.
1065 1131 1109 1166 Et

122 1186 254 1223 Iohan-
277 1189 326 1223 8.:
363 1186 565 1233 Antequam
586 1183 766 1220 Abraham
787 1191 1007 1223 nasceretur,
1036 1182 1110 1227 Ego

120 1251 209 1273 sum.
239 1239 469 1285 Nequaquam
488 1250 570 1271 vero
588 1238 735 1270 dicitur:
764 1237 946 1270 Divinitas
964 1242 1014 1269 est
1030 1248 1110 1280 pas-

122 1302 179 1333 sa,
206 1301 268 1325 seu
285 1291 455 1324 divinitas
473 1296 522 1322 est
548 1295 700 1321 mortua.

222 1356 287 1391 28.
319 1355 416 1389 Haec
439 1354 643 1388 discrimina
671 1354 728 1397 pie
747 1361 781 1388 et
799 1360 1000 1387 reverenter
1016 1353 1112 1396 cogi—

123 1408 230 1442 tanda
254 1414 355 1448 sunt,
388 1414 421 1440 et
451 1406 634 1439 retinenda
661 1402 795 1448 phrasis
819 1402 995 1438 Ecclesiae
1023 1404 1113 1436 veris

122 1458 235 1491 causis
259 1465 291 1491 et
317 1457 415 1501 gravi
441 1457 628 1490 autoritate
653 1461 812 1498 recepta,
839 1455 973 1488 etiamsi
991 1462 1112 1487 nostra

122 1508 309 1543 infirmitas
343 1505 408 1541 hoc
441 1506 689 1540 admirandum
722 1505 846 1538 foedus
870 1505 969 1538 verbi
992 1512 1025 1538 et
1049 1506 1110 1538 ad-

122 1566 257 1593 sumtae
274 1566 421 1593 naturae
435 1570 499 1590 nec
515 1558 598 1591 satis
615 1555 831 1598 intelligere,
858 1568 921 1589 nec
936 1556 1019 1589 satis
1037 1556 1113 1588 elo—

122 1610 186 1655 qui
204 1617 327 1655 potest.
381 1608 538 1642 Tantum
556 1620 638 1641 vero
664 1607 858 1645 discamus,
885 1614 1057 1652 quantum
1076 1607 1112 1639 in

121 1659 279 1696 Ecclesia
314 1658 421 1693 huius
456 1660 547 1693 vitae
583 1658 735 1702 profiteri
770 1670 834 1691 nos
859 1657 953 1691 Deus
986 1659 1112 1693 voluit.

123 1710 250 1745 Postea
273 1712 310 1744 in
334 1710 475 1744 coelesti
499 1708 653 1743 Ecclesia
682 1709 874 1751 discemus,
909 1716 941 1742 et
966 1710 1111 1743 modum

124 1760 231 1797 huius
248 1761 482 1806 copulationis
505 1768 537 1794 et
556 1772 685 1794 causas.

226 1821 286 1856 29.
327 1820 475 1854 Prodest
509 1827 624 1853 autem
656 1819 775 1864 aliquo
802 1820 908 1854 modo
933 1827 965 1854 et
993 1832 1113 1854 causas

125 1873 368 1914 considerare,
403 1883 510 1917 quare
534 1870 628 1904 Deus
651 1871 803 1904 voluerit
830 1869 895 1904 hoc
923 1873 1028 1905 modo
1058 1884 1113 1904 re·

125 1925 213 1959 dimi
230 1932 262 1959 et
281 1924 408 1957 salvari
427 1934 536 1966 genus
559 1919 772 1962 humanum,
799 1923 960 1955 mirando
980 1929 1113 1966 tempe-

124 1982 285 2010 ramento
317 1974 474 2008 iustitiae
505 1981 537 2007 et
569 1973 831 2006 misericordiae
858 1974 983 2017 recipit
1013 1974 1111 2007 Deus

125 2038 235 2071 genus
251 2024 462 2059 humanum.
507 2023 648 2068 Recipit
665 2021 826 2057 homines
842 2031 986 2068 propter
1002 2025 1112 2058 filium

126 2090 188 2123 per
210 2076 510 2116 misericordiam,
544 2076 602 2108 sed
631 2086 674 2107 ne
701 2075 837 2108 iusticia
865 2076 1114 2119 negligeretur,

125 2140 274 2175 poenam
301 2128 412 2161 nostri
438 2127 566 2172 peccati
595 2126 746 2170 persolvi
779 2127 902 2159 voluit.
954 2125 1000 2160 Et
1032 2128 1112 2172 quia

125 2191 235 2225 genus
264 2177 460 2213 humanum
486 2183 705 2222 peccaverat,
745 2174 925 2212 hominem
959 2190 1031 2212 esse
1053 2179 1113 2224 qui

126 2231 314 2266 sustineret
339 2241 505 2274 poenam,
532 2228 758 2271 congruebat.

226 2290 286 2325 30.
314 2289 387 2323 Nec
406 2300 489 2322 vero
506 2299 577 2320 esse
598 2284 705 2320 homo
730 2293 881 2331 poterat,
908 2288 975 2320 nisi
993 2288 1113 2323 fuisset

127 2342 287 2375 adsumta
305 2352 416 2374 massa
435 2351 453 2373 a
470 2339 543 2373 filio
560 2337 634 2372 Dei.
677 2336 722 2371 Et
740 2345 777 2371 nt
793 2339 1019 2383 aequivalens
1034 2352 1112 2384 pre-

127 2393 221 2427 cium
246 2398 349 2432 esset,
383 2389 467 2424 haec
500 2402 648 2436 persona
676 2388 901 2433 propitiatrix
924 2392 1112 2424 constituta

128 2451 189 2478 est.
243 2442 314 2477 Nec
331 2442 500 2476 sustinere
517 2442 604 2475 iram
624 2441 696 2474 sola
713 2447 869 2474 creatura
886 2448 1031 2485 poterat,
1050 2455 1113 2476 nec

128 2496 270 2529 vincere
290 2499 438 2526 mortem
463 2500 495 2527 et
518 2493 700 2526 restituere
726 2492 833 2525 vitam
865 2499 898 2526 et
928 2493 1114 2533 iusticiam,

130 2553 163 2580 et.
186 2545 350 2589 congruit
375 2542 469 2577 hunc
495 2556 566 2577 esse
591 2543 818 2576 mediatorem
851 2550 883 2577 et
907 2545 1113 2587 deprecato-

129 2608 223 2636 rem,
258 2596 318 2642 qui
349 2595 444 2628 videt
471 2602 587 2639 pectus
615 2594 722 2639 patris
751 2601 783 2627 et
808 2596 912 2628 corda
942 2595 1114 2629 invocan-

129 2649 232 2682 tium.
288 2646 373 2681 ltem
391 2653 536 2679 naturae
553 2646 805 2690 omnipotentis
830 2653 878 2680 est
896 2646 1034 2680 assidue
1051 2648 1114 2681 ad-

129 2710 201 2733 esse
218 2696 394 2732 Ecclesiae
408 2725 415 2737 ,
443 2704 476 2730 et
492 2709 566 2730 eam
587 2703 775 2740 protegere.

179 2753 354 2783 lllrcaxrn⁴
382 2751 482 2782 Orza.
512 2749 684 2781 Vm..X11.

758 109 1022 148 PHILIPPI
1055 106 1506 146 MELANTHONIS.

2075 106 2149 144 594

1262 194 1323 228 31.
1350 192 1445 227 Haec
1465 205 1545 226 cum
1564 198 1770 226 reverenter
1788 192 2003 235 cogitantur,
2027 203 2149 224 accen-

1159 246 1251 278 dunt
1270 244 1363 289 piam
1383 251 1535 277 mentem
1555 245 1598 277 ad
1616 243 1872 287 gratitudinem
1890 251 1923 278 et
1939 244 1982 277 ad
2007 243 2149 276 invoca-

1160 296 1307 330 tionem.

1261 347 1321 382 32.
1355 344 1596 379 Discernenda
1621 352 1704 379 sunt
1728 345 1900 379 vocabula
1924 344 2068 389 propria
2084 356 2150 378 na-

1160 405 1320 431 turarum
1340 410 1358 429 a
1378 397 1558 429 vocabulis
1576 396 1695 430 officii.
1733 395 1838 429 Posse
1857 397 1947 430 mori
1965 397 2149 440 proprium

1161 457 1211 483 est
1227 449 1333 483 unius
1348 454 1506 487 naturae,
1532 448 1663 481 scilicet
1683 445 1867 482 humanae.
1922 448 1992 481 Sed
2008 447 2149 480 Media-

1160 507 1236 541 tor,
1262 499 1357 539 Rex,
1389 498 1578 538 Sacerdos,
1611 498 1757 530 nomina
1781 506 1861 531 sunt
1893 498 1997 530 officii
2011 525 2019 538 ‚
2055 498 2150 543 quod

1162 552 1345 596 proprium
1365 557 1414 583 est
1431 550 1539 583 totius
1554 561 1734 593 personae.
1782 548 1893 581 Filius
1909 547 1972 581 Dei
1992 556 2068 582 orat
2087 561 2150 593 pro

1161 603 1283 643 nobis,
1315 608 1347 635 et
1373 603 1521 645 protegit
1546 599 1759 638 Ecclesiam,
1785 600 1888 632 etiam
1913 606 1993 631 ante
2016 611 2151 632 assum-

1161 654 1294 688 tionem
1312 650 1487 685 humanae
1504 657 1662 691 naturae,
1689 658 1725 683 ut
1748 650 1838 685 l’sal.
1855 652 1888 684 Ξ.
1908 650 2052 682 dicitur:
2082 650 2152 684 Po-

1162 706 1252 738 stula
1271 717 1288 737 a
1306 715 1372 744 me,
1400 710 1432 737 et
1448 704 1538 736 dabo
1557 702 1618 735 tibi
1638 709 1757 744 gentes
1776 699 2038 734 haereditatem.
2077 702 2152 734 Da*

1161 756 1265 788 nielis
1281 755 1314 788 3.
1360 755 1471 787 Adest
1489 754 1526 786 in
1544 753 1686 786 fornace
1704 752 1921 798 Babylonica
1937 780 1945 792 ,
1980 752 2041 785 ubi
2061 752 2150 785 dici-

1162 814 1236 840 tur:
1267 805 1406 849 Species
1424 805 1541 850 quarti
1561 804 1686 837 similis
1701 804 1774 836 filio
1795 804 1877 837 Dei.

1264 857 1324 891 33.
1354 855 1563 889 Invocamus
1583 855 1690 898 igitur
1705 853 1903 888 Dominum
1921 862 2079 888 nostrum
2098 854 2152 887 Ie-

1163 920 1239 942 sum
1263 906 1465 947 Christum,
1497 906 1613 940 Deum
1639 912 1672 938 et
1699 903 1879 939 hominem
1910 905 2153 945 mediatorem,

1163 961 1379 993 sacerdotem
1412 965 1444 991 et
1476 969 1592 999 regem
1618 964 1791 990 nostrum.
1846 956 1938 999 Quia
1965 955 2060 989 Deus
2091 964 2152 995 est,

1164 1011 1258 1044 videt
1283 1008 1431 1053 gemitus
1455 1008 1616 1041 cordium
1641 1014 1855 1040 nostrorum.
1910 1006 1981 1039 Nec
2000 1007 2152 1041 Nestorii

1163 1067 1370 1105 argumento
1387 1060 1585 1099 turbamur,
1612 1059 1706 1103 quod
1724 1069 1883 1101 expresse
1899 1058 2020 1091 recitat
2035 1056 2154 1103 Cyrit-

1163 1114 1217 1146 lus
1233 1120 1265 1146 et
1282 1113 1423 1145 refutat.
1471 1110 1567 1143 Haec
1585 1110 1680 1142 enim
1701 1117 1770 1142 erat
1790 1109 1967 1142 cavillatio
1978 1108 2152 1143 Nestorii:

1164 1164 1202 1198 Si
1221 1161 1384 1197 Christus
1408 1168 1495 1195 esset
1518 1162 1679 1195 sacerdos
1695 1161 1888 1193 secundum
1910 1167 2071 1193 naturam
2099 1161 2154 1193 di-

1165 1215 1301 1255 vinam,
1327 1213 1471 1247 offerret
1488 1212 1553 1245 sihi
1574 1212 1653 1256 ipsi.
1709 1211 1779 1244 Nec
1799 1210 2153 1246 distinxitNestorius

1167 1267 1258 1300 inter
1275 1265 1421 1298 missum
1442 1264 1554 1296 filium
1574 1270 1606 1296 et
1625 1263 1848 1296 divinitatem
1867 1263 2075 1298 mittentem.

1269 1315 1330 1350 34.
1371 1314 1424 1349 De
1450 1312 1517 1347 hoc
1551 1315 1624 1346 filio
1651 1313 1716 1346 Dei
1739 1311 1896 1346 Domino
1926 1320 2048 1346 nostro
2077 1313 2154 1346 lesu

1165 1365 1319 1408 Christo,
1347 1366 1421 1400 Deo
1439 1373 1472 1398 et
1488 1363 1633 1398 homine
1650 1364 1795 1397 dicitur:
1822 1362 1962 1398 Noticia
1979 1364 2070 1397 servi
2087 1365 2153 1397 mei

1167 1419 1247 1451 iusti
1268 1417 1469 1450 iustificabit
1494 1416 1635 1448 multos.

1270 1466 1330 1502 35.
1367 1466 1531 1509 Impietas
1559 1473 1609 1499 est
1631 1465 1885 1498 contumeliosa
1903 1473 2024 1500 contra
2043 1474 2153 1500 aeter-

1166 1530 1251 1551 num
1278 1525 1428 1562 patrem,
1464 1517 1575 1548 filium
1605 1523 1637 1549 et
1660 1516 1834 1559 Spiritum
1867 1524 2048 1558 sanctum,
2085 1517 2154 1551 Pa-

1169 1581 1230 1614 pae
1249 1576 1282 1602 et
1299 1565 1555 1601 monachorum
1573 1567 1734 1599 doctrina
1759 1568 2038 1601 asseverantium
2052 1595 2060 1609 ,
2088 1566 2154 1600 ho-

1168 1620 1279 1652 mines
1300 1619 1426 1652 mereri
1446 1618 1688 1651 remissionem
1710 1624 1929 1662 peccatorum
1948 1625 1980 1652 et
1999 1620 2155 1652 reconci-

1167 1672 1350 1704 liationem
1376 1682 1437 1703 seu
1461 1669 1745 1702 iustificationem
1774 1675 1807 1702 et
1839 1669 1947 1702 vitam
1977 1677 2154 1703 aeternam

1167 1722 1320 1766 propriis
1343 1721 1529 1765 operibus,
1572 1721 1629 1752 sed
1657 1720 1855 1752 firmissime
1886 1720 2072 1754 retinenda
2104 1729 2153 1756 est

1168 1786 1232 1806 vox
1243 1772 1441 1816 Evangelii,
1457 1784 1547 1817 quae
1564 1772 1666 1804 toties
1685 1771 1810 1815 repetit
1828 1771 2040 1805 exclusivam
2059 1771 2154 1805 Gra—

1168 1825 1229 1866 tis,
1258 1832 1403 1869 propter
1429 1823 1700 1868 propiciatorem
1720 1819 1915 1862 Christum,

1270 1875 1330 1910 36.
1374 1875 1584 1909 Dulcissime
1606 1874 1737 1906 dictum
1757 1880 1806 1906 est
1823 1871 1902 1906 Esa.
1920 1872 1995 1907 52:
2034 1871 2155 1906 Gratis

1169 1926 1363 1959 venundati
1380 1926 1480 1964 estis,
1508 1932 1538 1958 et
1557 1925 1631 1957 sine
1648 1931 1792 1967 argento
1819 1924 2062 1967 redimemini,
2094 1924 2154 1956 ubi

1169 1990 1240 2010 nou
1265 1975 1331 2010 hoc
1355 1977 1430 2010 vult
1454 1989 1520 2009 vox
1554 1975 1693 2015 divina,
1736 1981 1896 2007 nostrum
1921 1975 2056 2018 lapsum
2083 1987 2155 2007 non

1168 2041 1239 2062 esse
1261 2039 1399 2061 causam
1427 2039 1487 2060 seu
1515 2027 1679 2059 meritum
1704 2025 2022 2059 condemnationis.
2083 2026 2151 2058 Sed

1167 2080 1363 2113 Diabolum
1382 2086 1414 2112 et
1431 2076 1593 2111 homines
1612 2084 1749 2110 accusat
1759 2075 1854 2110 Deus
1869 2083 2036 2121 tanquam
2055 2088 2155 2119 prae-

1167 2133 1298 2171 dones,
1326 2131 1420 2175 quod
1438 2141 1510 2162 rem
1530 2129 1680 2162 alienam
1698 2127 1963 2164 transtulerint,
1993 2127 2155 2160 videlicet

1167 2194 1277 2225 genus
1297 2179 1513 2220 humanum,
1540 2181 1633 2225 quod
1655 2186 1725 2212 erat
1742 2178 1807 2212 Dei
1829 2178 2010 2221 possessio.
2053 2178 2154 2212 llanc

1168 2233 1421 2278 possessionem
1434 2232 1620 2276 praecipue
1633 2230 1809 2263 Diabolus
1827 2229 2013 2262 insidiator
2024 2229 2155 2273 eripuit

1167 2284 1261 2324 Deo,
1290 2292 1322 2317 et
1340 2296 1402 2317 nec
1418 2282 1512 2323 Deo,
1540 2294 1601 2314 nec
1621 2279 1758 2314 homini
1773 2280 1909 2325 aliquid
1932 2280 2014 2313 boni
2035 2281 2154 2313 reddi-

1167 2337 1228 2371 dit.
1285 2335 1420 2369 lustum
1447 2340 1497 2367 est
1523 2340 1639 2366 autem
1658 2345 1676 2365 a
1694 2332 1871 2376 praedone
1889 2343 1962 2364 rem
1979 2331 2055 2365 sine
2074 2344 2154 2376 pre-

1167 2389 1220 2421 cio
1239 2384 1428 2421 retrahere.

1270 2437 1357 2471 Inde
1378 2436 1484 2479 igitur
1500 2439 1765 2477 argumentatur
1779 2444 1797 2466 a
1814 2432 1890 2466 iure
1908 2433 2046 2471 usitato,
2073 2446 2152 2466 cum

1168 2490 1304 2535 inquit:
1334 2485 1426 2521 Mihi
1449 2487 1524 2519 sine
1541 2484 1658 2530 precio
1677 2496 1790 2517 meam
1810 2484 2064 2528 possessionem
2084 2485 2152 2517 eri-

1167 2540 1333 2586 pueritis,
1359 2535 1536 2571 retraham
1555 2547 1679 2578 magna
1698 2535 1829 2579 gloria,
1857 2542 1891 2569 et
1916 2548 1978 2568 nec
2000 2534 2152 2568 Diabolo

1166 2592 1323 2636 precium
1349 2590 1457 2628 dabo,
1492 2589 1550 2622 sed
1576 2588 1694 2632 potius
1717 2587 1896 2620 latronum
1928 2599 2039 2630 poena
2073 2597 2152 2618 eum

1167 2643 1346 2680 adficiam,
1379 2647 1409 2674 et
1434 2638 1597 2673 homines
1624 2639 1747 2683 inopes
1772 2635 1860 2671 mihi
1889 2637 2043 2682 precium
2070 2638 2152 2669 dare

1168 2707 1239 2727 non
1259 2699 1415 2738 possunt.

1590 2741 1637 2776 38
