2324 2955
624 99 779 136 DECL.

291 189 340 224 En
363 196 463 222 nocte.
485 189 548 220 iter
572 186 705 218 faciunt
723 183 861 225 longius
879 194 982 227 quam
1001 194 1064 226 pro
1083 181 1167 214 viri-

191 244 274 279 bus,
313 239 513 284 praesertim
539 247 616 268 cum
640 233 815 266 moesticia
838 232 996 265 omnium
1022 243 1169 274 corpora

192 291 424 327 debilitasset,
449 300 486 318 ac
512 295 611 316 mane
635 282 781 316 veniunt
802 283 846 315 ad
868 282 1036 326 oppidum
1061 281 1169 314 Hers-

192 342 260 374 scld
274 367 282 379 ,
304 340 364 372 ubi
388 348 464 370 cum
482 333 611 367 Abbati
638 333 703 365 iter
723 339 757 366 et
775 344 911 365 causam
932 331 1170 375 exposuissent

192 390 362 425 Comites,
390 386 509 418 Abbas
532 389 730 416 reverenter
752 382 940 415 Dominam
967 382 1074 413 filiam
1100 379 1169 412 Im-

193 437 380 483 peratoris,
420 433 697 467 honestissimam
728 439 923 464 matronam
957 431 1098 473 excipit,
1138 436 1171 463 et.

193 488 429 520 consolatione
455 492 487 517 et
510 483 673 516 omnibus
691 482 813 514 officiis
830 481 940 514 lenire
957 480 1169 513 moesticiam

192 537 352 571 omnium
377 536 511 571 studet,
538 540 571 566 et
595 533 662 566 cito
687 543 807 564 currus
824 531 983 574 apparari
1000 531 1114 570 iubet,
1139 536 1172 561 et

193 588 292 621 addit
320 598 359 618 cx
390 584 571 617 nobilitate
596 582 800 626 praecipuos
824 581 934 620 viros,
965 581 1025 625 qui
1048 579 1173 612 Domi-

193 649 274 670 nam
299 637 428 668 ducant
453 632 752 666 Francosordiam.
806 629 875 663 Ubi
898 636 1109 663 commorata
1136 629 1170 661 in

193 685 404 720 monasterio
430 684 623 723 virginum,
657 694 700 714 ne
725 680 924 722 longissime
944 692 962 712 a
980 680 1060 712 filiis
1075 680 1172 711 abes-

193 744 261 777 set,
283 747 361 769 cum
378 735 482 767 vitam
502 734 537 765 in
558 733 651 765 luctu
668 738 699 764 et
716 730 913 775 precatione
931 730 1070 772 egisset,
1098 736 1174 772 post

193 798 320 830 paucos
337 795 447 817 annos
465 789 599 815 mortua
620 788 679 814 est.

295 834 416 867 Mariti
435 832 609 865 licentiam
626 833 703 873 suga
718 830 876 872 coniugis
892 829 997 863 auxit.
1040 826 1174 862 Audie-

193 892 246 919 rat
267 891 381 918 autem
399 883 492 916 Deus
512 894 625 924 preces
642 881 852 913 discessurae
868 879 1007 918 matris,
1034 886 1067 911 et
1085 879 1174 911 filios

193 947 273 967 vere
297 931 473 976 orphanos
499 931 662 974 protexit,
690 941 776 973 quos
799 930 978 973 aliquanto
1002 935 1078 971 post
1100 939 1174 960 ma-

194 985 257 1017 tris
289 985 424 1025 sugam,
459 980 596 1014 Alberti
630 979 842 1022 Landgravii
874 980 979 1011 frater
1012 976 1174 1010 Marchio

194 1034 395 1079 Riysorum,
433 1032 542 1064 iustus
573 1038 604 1064 et
634 1031 771 1073 sapiens
794 1029 960 1072 Princeps
989 1027 1175 1067 Dietricus,

194 1096 235 1116 ex
250 1083 421 1124 Turingia
444 1082 486 1114 ad
511 1093 606 1114 suam
625 1082 738 1113 aulam
758 1079 910 1114 vocavit,
937 1085 969 1111 et
984 1090 1027 1110 ne
1043 1085 1174 1121 specta-

195 1140 288 1167 tores
312 1138 423 1165 essent
448 1138 670 1175 paternorum
690 1130 877 1168 scelerum,
903 1135 936 1161 et
952 1135 990 1161 ut
1005 1135 1098 1160 extra
1116 1140 1175 1171 pe-

195 1183 347 1216 riculum
375 1188 497 1216 essent.
550 1180 707 1224 Cumque
737 1192 794 1211 eos
824 1185 966 1222 paterno
989 1178 1105 1210 animo
1132 1178 1175 1210 ad

197 1233 410 1275 agnitionem
437 1238 468 1264 et
493 1231 748 1263 invocationem
781 1228 847 1261 Dei
880 1235 913 1261 et
944 1229 986 1261 ad
1013 1228 1175 1261 virtutem

196 1283 412 1321 institueret,
438 1281 657 1313 Fridericum
681 1280 782 1312 etiam
807 1278 905 1311 cuius
929 1284 1000 1310 erat
1016 1279 1175 1310 admorsa

197 1343 303 1374 gena,
329 1338 488 1375 tyronem
512 1342 627 1362 secum
651 1330 688 1361 in
711 1336 821 1361 castra
839 1327 922 1360 etin
942 1327 1050 1359 aciem
1068 1326 1177 1361 duxit.

197 1381 259 1413 ubi
290 1380 462 1423 specimen
489 1377 663 1420 egregium
690 1373 829 1408 virtutis
851 1373 961 1406 edidit
984 1372 1021 1403 in
1044 1371 1175 1415 praelio

196 1428 402 1463 Anbaltino.
456 1427 585 1460 Filium
613 1432 728 1459 autem
759 1421 815 1456 hic
839 1420 1001 1455 Marchio
1033 1421 1176 1454 unicum

196 1479 338 1517 habuit,
365 1490 467 1522 quem
493 1477 745 1509 adolescentem
770 1473 907 1511 amisit,
934 1484 1004 1516 quo
1028 1478 1177 1508 mortuo,

199 1530 279 1574 quia
299 1529 439 1560 nolebat
456 1528 595 1559 fratrem
611 1525 810 1560 succedere,
838 1529 994 1554 metuens
1011 1533 1054 1552 ne
1072 1521 1178 1564 pelle-

200 1586 249 1612 ret
273 1579 378 1617 filios,
406 1589 483 1609 cum
508 1577 577 1608 iam
600 1575 732 1607 videret
755 1585 831 1605 eum
853 1569 906 1604 his
924 1572 1094 1603 anteferre
1114 1582 1178 1602 no-

199 1627 298 1662 thum
321 1640 359 1660 ex
383 1627 504 1670 pellice
527 1632 666 1662 natum,
693 1630 726 1657 et
750 1622 831 1667 quia
851 1633 963 1654 mores
981 1621 1096 1653 fratris
1114 1621 1179 1652 im-

200 1678 389 1723 probabat,
424 1681 668 1709 testamentum
696 1672 872 1708 condidit,
909 1672 944 1703 in
971 1683 1040 1715 quo
1064 1670 1180 1703 fratris

201 1729 292 1762 filios
317 1729 475 1770 adoptat,
503 1733 536 1759 et
557 1723 722 1757 haeredes
746 1722 896 1764 regionis
916 1721 1099 1766 Mysorum
1125 1721 1180 1752 in-

203 1779 324 1812 stituit.
375 1776 534 1820 Cumque
558 1774 698 1807 ‹lelectis
723 1772 915 1816 praecipuis
938 1772 1021 1803 viris
1046 1783 1084 1803 ex
1109 1777 1180 1804 tota

203 1828 361 1870 regione,
387 1832 628 1859 testamentum
653 1830 686 1857 et
706 1833 824 1856 causas
842 1822 893 1854 sui
914 1821 1051 1854 consilii
1072 1818 1181 1853 hone-

204 1886 271 1912 stas
304 1876 533 1920 exposuisset,
568 1887 605 1907 ac
636 1874 813 1918 petivisset
840 1870 965 1904 horum
994 1869 1180 1903 haeredum

204 1928 462 1966 defensionem,
491 1923 527 1957 bi
547 1926 682 1957 laudata
707 1922 873 1966 principis
900 1922 1044 1964 pietate,
1078 1921 1182 1953 adfir-

203 1984 301 2011 mant
313 1988 347 2009 se
363 1988 433 2008 non
450 1976 555 2007 alium
574 1974 765 2007 Dominum
784 1978 981 2015 recepturos
998 1983 1082 2004 esse.

306 2025 498 2070 Aliquanto
519 2031 594 2067 post
613 2031 751 2056 mortno
769 2022 943 2060 Dietrico‚
971 2029 1010 2055 ut
1027 2022 1062 2053 in
1080 2027 1184 2054 testa-

205 2083 324 2110 mento
345 2076 511 2118 scriptum
536 2081 627 2114 erat,
652 2073 841 2106 succedunt
864 2072 899 2104 in
923 2072 1028 2104 totius
1048 2070 1183 2116 Mysiae

207 2125 457 2170 possessionem
482 2123 517 2157 hi
544 2126 634 2163 duo,
672 2122 871 2156 Fridericus
899 2122 997 2153 cuius
1026 2122 1092 2154 suit
1122 2122 1183 2153 ad-

208 2187 319 2208 morsa
334 2187 418 2215 gena
429 2199 438 2213 ,
467 2181 499 2207 et
513 2174 764 2212 Dietmannus,
790 2178 822 2204 et
837 2171 971 2204 iusticia
990 2183 1027 2203 ac
1041 2171 1184 2204 caeteris

208 2225 396 2258 virtutibus
413 2225 569 2256 omnium
587 2222 814 2256 honestorum
832 2221 1109 2253 benevolentiam
1127 2233 1184 2253 er-

209 2287 248 2318 ga
267 2286 299 2306 se
318 2280 454 2315 augent.
490 2273 557 2306 Sed
577 2280 672 2316 pater
688 2272 855 2305 Alhertus
869 2271 988 2303 scribit
1003 2272 1044 2303 ad
1063 2283 1184 2304 onmes

209 2325 349 2357 ordines
373 2323 532 2362 ditionis,
565 2334 602 2355 ac
622 2323 704 2365 petit
728 2322 792 2355 sibi
818 2321 905 2354 tradi
931 2322 1182 2364 possessiouem

209 2374 359 2416 regionis
382 2372 583 2416 Mysorum,
610 2373 755 2404 exclusis
779 2371 878 2410 filiis,
906 2383 943 2403 ac
971 2371 1057 2403 iuris
1082 2383 1181 2413 prae-

208 2431 302 2456 textu
329 2429 474 2465 pugnat,
501 2422 582 2465 quia
608 2421 679 2463 ipse.
703 2422 747 2454 sit
771 2421 886 2453 fratris
906 2421 1083 2463 proximus
1102 2418 1183 2453 hae-

323 2473 392 2505 Nec
421 2484 490 2504 esse
521 2472 645 2504 iustam
669 2482 804 2503 causam
825 2483 886 2503 cur
906 2468 1100 2503 haereditas
1115 2471 1181 2503 sibi

206 2529 320 2566 erepta
338 2523 390 2555 sit.

305 2571 530 2604 Couxeniunt
549 2570 653 2613 igitur
669 2570 792 2602 delecti
809 2582 848 2602 ex
866 2569 1030 2602 omnibus
1045 2569 1181 2602 ordini-

204 2623 267 2655 bus
290 2621 465 2665 praecipui
489 2621 555 2653 viri
578 2621 616 2653 in
638 2621 724 2653 urbe
741 2619 924 2663 Friberga,
952 2627 984 2653 et
1002 2619 1180 2653 communi

187 108 236 143 55

208 2481 270 2505 re‘s.

822 96 893 133 DE
926 94 1254 133 FRIDERICO
1290 93 1542 133 LANDGR.
1577 95 1747 133 THUR.

2149 97 2198 133 56

1221 192 1390 214 consensu
1405 181 1615 223 respondent
1631 193 1665 214 se
1683 188 1716 215 et
1732 181 1895 225 probasse
1914 188 2014 216 antea
2037 182 2198 226 pietatem

1221 230 1387 270 Dietrici,
1421 236 1455 263 et
1476 231 1668 264 testamenti
1687 243 1823 272 causas,
1852 239 1885 265 et
1903 243 1974 264 non
2000 238 2199 275 recepturos

1222 292 1293 313 esse
1311 280 1417 313 alium
1434 279 1623 312 Dominum
1640 282 1783 315 desertis
1802 279 1875 322 bis,
1901 282 2030 326 quibus
2051 281 2120 314 iam
2138 283 2199 315 de-

1222 330 1414 363 ssensionem
1433 329 1667 371 promiserint.

1323 377 1509 412 Alberturn
1540 379 1608 411 sata
1633 377 1818 415 trahebant
1843 383 1886 414 ad
1915 393 2055 426 poenas.
2116 380 2200 415 Ideo

1225 430 1332 462 iratus
1356 435 1470 461 movet
1493 428 1625 461 bellum
1650 441 1742 462 anno
1767 442 1784 463 a
1810 432 1915 466 natali
1940 430 2071 465 Christi
2095 432 2201 466 1281.

1225 480 1282 512 Sic
1305 479 1398 510 enim
1422 478 1564 511 invenio
1583 491 1748 511 numeros
1772 489 1954 515 annotatos
1970 494 2051 516 esse.
2105 481 2202 515 Gens

1225 529 1408 573 Mysorum
1440 528 1526 571 petit
1550 529 1594 561 ab
1620 528 1832 572 Imperatore
1860 530 2069 574 Rodolpho,
2103 532 2203 565 cuius

1227 578 1380 618 iusticia,
1408 578 1577 621 sapientia
1606 586 1639 612 et
1667 579 1837 613 fortitudo
1855 581 1921 613 fuit
1944 582 2132 622 excellens,
2158 593 2203 614 ne

1226 629 1317 662 sinat
1331 628 1485 673 opprimi
1502 629 1736 662 adolescentes
1753 629 1951 674 Principes,
1979 637 2011 663 et
2028 631 2131 664 simul
2147 643 2203 663 ar-

1228 679 1293 711 mis
1326 678 1484 721 reprimit
1512 676 1708 712 Albertum.
1759 679 1825 713 Sed
1856 678 1939 713 haec
1975 681 2085 724 prima
2121 679 2204 713 belli

1228 725 1398 773 σύρραξις
1440 740 1512 761 non
1547 728 1614 761 fuit
1649 729 1737 761 laeta
1770 730 1979 763 adolescenti
2014 729 2205 770 Friderico,

1227 790 1426 822 quanquam
1450 789 1586 811 causam
1610 778 1734 811 iustam
1759 780 1881 812 tuenti.
1933 780 2001 813 Sed
2026 781 2142 813 statim
2167 780 2203 811 in

1228 826 1293 861 hoc
1311 827 1483 872 tyrocinio
1508 839 1585 861 eum
1605 826 1699 860 Deus
1716 828 1839 862 docere
1855 829 1983 870 voluit,
2011 842 2054 862 ne
2080 827 2205 862 huma-

1228 878 1282 909 nis
1309 878 1443 910 viribus
1467 877 1674 917 confideret,
1701 879 1759 910 sed
1783 879 1930 912 disceret
1955 880 2115 912 victorias
2139 878 2205 912 Dei

1228 927 1392 960 beneficia
1410 937 1498 965 csse,
1525 933 1558 960 et
1572 927 1614 959 ab
1630 938 1670 959 eo
1690 930 1854 970 petendas
1870 940 1951 963 esse.
2003 928 2132 971 Captus
2156 935 2206 961 est

1228 977 1321 1009 enim
1338 976 1536 1009 Fridericus
1557 988 1575 1009 a
1596 983 1712 1019 patre,
1738 984 1770 1010 et
1791 984 1862 1010 toto
1887 990 1980 1010 anno
1998 984 2150 1011 retentus
2168 978 2206 1009 in

1229 1039 1304 1059 arce
1325 1026 1559 1061 Isennacensi.
1602 1025 1704 1060 Unde
1720 1034 1835 1069 postea
1853 1028 2023 1060 divinitus
2041 1028 2207 1060 liberatus

1229 1083 1288 1117 est,
1316 1088 1394 1109 cum
1414 1076 1495 1109 odio
1512 1076 1652 1121 tyranni
1668 1078 1826 1110 custodes
1844 1077 1951 1121 aliqui
1969 1077 2206 1110 misericordia

1228 1126 1456 1160 adolescentis
1471 1126 1596 1165 affecti,
1622 1126 1721 1168 fugae
1736 1127 1881 1160 consilia
1896 1128 2112 1160 adiuvarent.
2148 1127 2206 1159 ln·-

1228 1183 1320 1209 terea
1338 1183 1371 1209 ct
1385 1173 1596 1219 Rodolphus
1619 1174 1811 1220 Imperator
1827 1178 1988 1210 mandata
2007 1177 2132 1214 mittit,
2166 1182 2207 1209 ut

1229 1238 1323 1259 arma
1341 1226 1508 1270 utrinque
1524 1227 1712 1269 deponant,
1732 1233 1765 1259 et
1782 1227 1954 1270 promittit
1970 1238 2004 1259 se
2020 1233 2208 1259 venturum

1231 1276 1267 1308 in
1287 1275 1512 1318 Tui-ingiam,
1539 1287 1576 1308 ac
1592 1276 1666 1308 sore
1683 1275 1947 1319 disceptatorem
1964 1288 2095 1310 causae.

1334 1325 1438 1357 Venit
1456 1326 1492 1356 in
1509 1324 1716 1366 Turingiam
1731 1324 1951 1365 Rodolpbus‚
1979 1333 2011 1356 et
2027 1337 2105 1357 eum
2123 1324 2210 1357 alios

1231 1371 1402 1404 tumultus
1431 1374 1581 1408 sedavit,
1619 1373 1746 1402 cversis
1771 1373 2049 1405 latrunculorum
2072 1374 2210 1406 arcibus

1231 1421 1382 1464 aliquot,
1410 1426 1441 1452 ct
1462 1419 1569 1462 captis
1598 1419 1634 1450 in
1660 1418 1792 1453 Ilmena
1813 1433 1938 1454 novem
1962 1429 1993 1455 et
2015 1422 2139 1465 viginti
2158 1423 2210 1455 la-

1232 1478 1373 1504 tronum
1399 1470 1563 1506 ducibus,
1599 1469 1642 1501 de
1667 1469 1795 1513 quibus
1824 1468 2045 1514 Erphordiae
2075 1472 2210 1516 suppli-

1232 1520 1323 1552 cium
1337 1519 1502 1562 sumpsit,
1529 1525 1603 1551 tum
1621 1530 1703 1551 vero
1721 1520 1937 1553 severissime
1954 1522 2132 1555 mandavit
2148 1533 2210 1565 pa·-

1233 1581 1304 1602 cem
1331 1567 1475 1602 Alberto
1502 1574 1534 1601 et
1565 1568 1656 1602 filiis.
1707 1568 1788 1602 Non
1819 1571 1928 1604 multo
1962 1578 2040 1614 post
2070 1578 2210 1605 mortuo

1249 1616 1425 1662 'iodolpbo
1445 1618 1605 1651 successit
1621 1616 1807 1662 Adolphus
1824 1618 2073 1661 Nassaviensis,
2103 1633 2210 1666 quem

1235 1670 1336 1701 variis
1360 1669 1493 1701 artibus
1518 1665 1623 1701 trabit
1649 1668 1685 1700 in
1717 1669 1914 1703 societatem
1939 1671 2021 1703 belli
2044 1670 2211 1704 Albertus

1234 1719 1494 1761 Landgravius‚
1528 1724 1560 1751 et
1578 1718 1670 1762 quod
1691 1730 1743 1751 res
1764 1727 1880 1763 postea
1899 1721 2069 1761 ostendit,
2102 1722 2210 1764 adpa-

1235 1777 1286 1802 ret
1309 1780 1453 1802 avarum
1476 1779 1592 1800 senem
1623 1768 1811 1811 cupiditate
1840 1771 2036 1804 uberrimae
2059 1771 2209 1814 regionis

1236 1819 1417 1864 Mysorum
1434 1824 1466 1851 et
1481 1830 1646 1850 venarum
1663 1819 1913 1853 metallicarum
1936 1821 2099 1861 illectum,
2121 1818 2211 1855 hanc

1236 1870 1449 1903 occasionem
1479 1869 1701 1911 occupandae
1733 1870 1883 1912 regionis
1906 1870 2103 1915 Mysorum,
2138 1883 2210 1904 non

1236 1920 1386 1952 voluisse
1402 1918 1586 1960 negligere.
1617 1917 1769 1953 Narrant
1785 1920 1887 1952 etiam
1905 1918 2069 1953 historiae
2083 1920 2211 1955 Ather-

1237 1977 1309 2003 tum
1335 1969 1594 2010 Landgravium
1622 1969 1818 2002 vendidisse
1848 1969 2073 2012 Turingicam
2105 1971 2211 2004 ditio-

1237 2032 1316 2053 nem
1334 2016 1518 2061 Adolpbo,
1544 2029 1587 2050 ne
1603 2019 1754 2061 recipere
1776 2032 1849 2052 eam
1875 2021 1937 2053 filii
1954 2032 2109 2065 unquam
2132 2027 2211 2065 po‘s-

1237 2077 1323 2105 seut,
1382 2068 1501 2110 Longa
1528 2074 1577 2101 est
1604 2067 1752 2109 iniuria,
1784 2070 1907 2113 longae
1937 2072 2114 2113 ambages,
2148 2083 2210 2104 nec

1237 2120 1354 2154 omnia
1371 2119 1514 2152 recitare
1530 2118 1624 2151 libet.

1338 2169 1388 2202 lta
1407 2175 1483 2212 post
1507 2175 1652 2200 mortem
1679 2167 1900 2211 Imperatoris
1928 2168 2109 2214 Rodolphi
2135 2171 2209 2204 bel-

1238 2223 1309 2254 lum
1337 2219 1486 2252 atrocius
1508 2225 1641 2251 motum
1668 2225 1734 2259 est,
1767 2226 1798 2252 et
1817 2217 1999 2261 Adolphns
2025 2221 2059 2253 in
2077 2220 2209 2253 Turin-

1237 2273 1325 2314 giam
1360 2277 1392 2302 et
1421 2269 1601 2313 Mysorum
1637 2269 1811 2311 regionem
1848 2276 2012 2302 attractus
2046 2278 2105 2305 est.
2163 2269 2210 2305 Et

1238 2318 1398 2354 Mai-chio
1417 2318 1737 2361 Brandeburgensis
1756 2330 1791 2351 se
1816 2331 1892 2351 cum
1911 2317 2076 2363 Adolpho
2097 2319 2209 2364 Impe-

1237 2379 1349 2404 ratore
1367 2377 1397 2401 et
1416 2369 1560 2401 Alberto
1578 2368 1796 2411 Landgravio
1813 2369 2007 2411 coniunxit,
2032 2382 2090 2414 spe
2108 2382 2210 2404 occu-

1236 2422 1369 2465 paudae
1395 2419 1570 2451 inferioris
1594 2418 1763 2452 Lusatiae.
1825 2418 1964 2460 Quanta
1995 2421 2103 2453 moles
2124 2421 2208 2454 belli

1236 2472 1362 2504 deinde
1380 2469 1500 2508 fuerit,
1527 2469 1609 2501 inde
1625 2467 1798 2500 aestimari
1820 2475 1947 2511 potest,
1974 2471 2068 2513 quod
2086 2471 2206 2503 eodem

1236 2528 1389 2564 tempore
1415 2531 1491 2551 cum
1516 2518 1661 2551 diversis
1681 2518 1886 2551 exercitibus
1902 2520 2063 2562 praeliari
2087 2520 2208 2553 fratres

1233 2571 1398 2614 oportuit,
1422 2576 1452 2602 et
1470 2569 1563 2613 quod
1581 2568 1617 2599 in
1634 2567 1675 2599 iis
1691 2567 1786 2607 locis,
1813 2568 1874 2600 ubi
1888 2579 2022 2602 summa
2037 2577 2086 2604 est
2101 2571 2206 2603 uber—

1232 2627 1303 2662 taS,
1330 2630 1473 2663 magnae
1490 2617 1698 2651 vastationes
1715 2617 1823 2652 sactae
1840 2625 1940 2660 sunt,
1965 2631 2043 2653 cum
2061 2617 2206 2654 hostiles
