2324 2955
119 116 216 151 1037

118 200 288 234 flammeis
306 199 417 232 oculis
433 197 629 231 minitantis
644 197 722 241 ipsi.
750 197 876 231 Subito
894 197 1001 241 igitur
1014 206 1098 228 con-

117 257 290 284 sternatus
310 256 343 283 et
360 256 511 282 tremens
527 248 628 281 iussit
645 259 680 280 se
707 248 743 280 in
768 248 894 281 lectum
921 244 1098 285 collocari,

117 307 150 334 et
166 300 330 333 accersito
348 298 490 332 Medico
516 295 675 343 Elpidio
701 298 857 332 narravit
884 296 1004 330 amicis
1027 302 1097 329 ter-

116 350 256 384 ribilem
283 350 378 382 illam
404 346 606 393 Symmachi
630 348 776 392 speciem
801 353 1039 391 conspectam,
1065 351 1098 377 et
1120 355 1122 371 ὲ

116 401 152 432 in
171 399 411 443 deploratione
424 398 561 431 sceleris
576 399 628 431 sui
640 399 744 442 paulo
761 404 840 442 pest
854 397 1025 431 extinctus
1036 401 1096 428 est.

216 471 410 515 Gregorius
429 470 593 505 Pontifex
612 471 768 515 scripsit,
795 471 970 516 quendam
988 470 1025 503 in
1041 481 1096 503 so-

114 522 267 556 litudine
285 523 321 554 in
342 522 467 555 insulis
486 520 620 555 Aeoliis
643 522 818 554 viventem
841 521 970 554 vidisse
993 519 1095 553 deiici

114 570 377 606 Theodorieum
412 572 449 604 in
485 572 626 604 illarum
667 571 861 605 insularum
903 571 1096 613 voragines,

114 634 201 667 quae
220 623 367 656 eiiciunt
384 622 507 665 globos
524 622 746 655 flammarum
763 621 853 654 sicut
870 620 994 654 Aetna.

220 686 352 722 Extant
375 687 502 730 scripta
519 686 635 721 Boetii
657 688 700 720 de
725 685 920 730 praecipuis
939 684 1093 728 discipli-

113 738 180 777 nis,
207 749 247 771 ex
266 738 394 782 quibus
411 738 559 770 iudicari
576 744 699 781 potest,
716 737 822 770 fuisse
841 747 918 769 eum
933 735 1092 768 omnium

111 786 379 826 Romanorum,
407 800 556 832 quorum
575 788 710 832 reliqua
729 793 809 819 sunt
832 786 958 829 scripta
974 785 1093 818 erudi-

113 838 300 871 tissimum.
353 837 409 871 Ad
428 835 495 870 hoc
512 838 616 871 decus
631 836 768 870 addidit
787 843 820 869 et
837 847 936 869 verae
962 835 1089 869 doctri‘

111 899 178 920 nae
201 888 243 921 de
266 887 339 921 Deo
365 888 636 932 professionem,
663 894 695 920 et
725 886 862 919 utiliter
883 885 1021 928 scripsit
1047 886 1091 917 de

112 937 317 971 discrimine
332 944 477 971 naturae
494 944 525 970 et
542 949 720 981 personae.
762 933 809 969 Et
827 933 993 968 hortandi
1010 941 1091 968 sunt

112 988 284 1028 studiosi,
319 994 358 1021 ut
380 988 453 1021 eius
478 988 588 1020 libros
620 988 748 1029 legant.
801 984 994 1026 Coniugem
1017 984 1091 1017 eius

110 1037 217 1070 filiam
228 1035 429 1082 Symmachi
445 1035 767 1078 scribitProcopius
778 1033 918 1067 Totilae
936 1040 1090 1076 tempore

110 1087 203 1120 inter
225 1092 378 1120 caeteros
404 1086 582 1118 mendicos
603 1084 775 1118 Patricios
799 1083 931 1116 victum
954 1084 1090 1116 mendi-

109 1137 222 1170 cando
242 1136 430 1179 collegisse.
483 1134 589 1168 Hunc
606 1141 721 1168 autem
738 1131 987 1179 Symmachum
998 1132 1087 1167 Βοὲ-

110 1187 152 1219 tii
185 1197 342 1218 socerum
368 1185 480 1217 multo
510 1185 740 1217 recentiorem
764 1194 836 1216 esse
866 1183 975 1215 lector
1006 1184 1090 1216 sciat

109 1235 173 1269 illo
190 1235 369 1279 superiore
387 1232 617 1278 Symmacho,
644 1235 705 1279 qui
724 1231 917 1266 Theodosii
934 1240 1090 1276 tempore

109 1292 229 1319 contra
245 1283 464 1319 Christianos
481 1284 638 1328 scripsit,
666 1291 698 1318 et
717 1283 772 1317 cui
792 1284 982 1327 respondet
1001 1284 1088 1316 Am-

108 1335 260 1370 brosius.

210 1393 347 1427 Habuit
369 1399 483 1426 autem
506 1392 688 1435 coniugem
714 1389 958 1425 Theudoricus
980 1391 1086 1424 filiam

109 1443 200 1487 regis
217 1443 375 1477 Francici
392 1442 561 1483 Ludoici‚
588 1442 687 1476 cuius
716 1454 846 1475 nomen
879 1442 946 1475 fuit
972 1439 1087 1475 Adel-

108 1490 223 1533 heda,
252 1494 346 1539 quod
361 1500 421 1526 aut
437 1499 488 1526 est
512 1488 687 1536 ἀλήθεια,
716 1499 777 1526 aut
801 1492 1051 1525 Germanicum
1066 1503 1085 1524 a

106 1544 292 1578 nobilitate
309 1544 453 1576 dictum.
506 1541 672 1575 Sororem
697 1540 820 1576 habuit
836 1540 1085 1583 Amelfredam,

107 1605 212 1638 quam
238 1594 310 1636 regi
334 1592 576 1626 vandalorum
597 1592 633 1624 in
645 1592 763 1625 Africa
781 1592 978 1636 despondit.
1006 1590 1084 1624 Hu-

108 1643 164 1677 ius
192 1643 299 1676 filiam
332 1640 579 1685 Amelbergam
610 1642 708 1675 dedit
735 1643 808 1685 regi
839 1641 1081 1692 Turingorum

107 1692 371 1726 Ilermansrido.
425 1691 516 1724 Filia
538 1703 619 1724 vero
642 1689 859 1725 Theudorici
882 1692 950 1721 fuit
973 1690 1082 1721 Ama-

108 1740 284 1777 losuntha.
339 1740 433 1774 llaec
448 1740 591 1773 nomina
612 1746 735 1781 putant
752 1739 812 1771 alii
829 1750 847 1771 a
865 1738 962 1771 coelo
988 1737 1082 1770 dicta

109 1804 199 1833 esse,
226 1791 324 1837 quasi
339 1789 544 1836 {niman-leb,
571 1787 851 1833 Spimclscbssnbeit,
886 1789 946 1821 sed
965 1788 1082 1820 verius

106 1849 157 1876 est
184 1853 256 1875 esse
279 1854 298 1874 a
323 1841 476 1874 dictione
499 1839 637 1885 spernet.
674 1839 767 1882 quod
802 1844 853 1871 est
882 1848 992 1880 agnus
1021 1848 1083 1869 seu

107 1893 210 1927 aries.
263 1891 302 1926 Id
323 1891 417 1924 enim
441 1900 571 1923 nomen
596 1889 664 1922 fuit
685 1888 838 1921 familiae
856 1885 1083 1927 Theodorici,

109 1954 199 1988 quae
226 1942 274 1975 sic
298 1953 317 1974 a
339 1941 468 1974 vellere
492 1938 626 1972 Iasonis
647 1938 739 1972 dicta
763 1945 823 1972 est.
876 1936 963 1970 Inde
987 1937 1082 1970 enim

111 1993 210 2027 Gotti
237 2004 276 2025 ex
294 1989 459 2025 Colchica
484 1990 521 2022 in
539 1987 717 2032 Europam
741 1987 914 2032 progressi
936 1987 1085 2028 fuerant,

106 2050 147 2078 ut
163 2040 280 2076 adhuc
295 2043 333 2075 in
349 2041 500 2075 Taurica
516 2037 734 2074 Chersoneso
753 2038 853 2072 Gotti
870 2044 951 2071 sunt
968 2044 1084 2071 nostra

108 2094 229 2136 lingua
253 2093 447 2138 loquentes.
506 2089 584 2123 Erit
609 2090 715 2131 igitur
742 2088 951 2133 etymologia
977 2086 1086 2121 Ama—

110 2140 309 2184 losunthae,
328 2140 535 2176 Amalorum
553 2139 720 2183 {cheinnin
748 2138 848 2172 Hanc
865 2139 971 2170 filiam
988 2149 1085 2171 suam

110 2191 356 2228 Theodoricus
371 2191 558 2235 despondit
574 2189 742 2224 Eutarico
759 2188 941 2221 Widerici
958 2186 1085 2231 llispa—

111 2244 184 2278 nici
209 2244 298 2286 regis
324 2242 413 2283 filio,
448 2242 510 2286 qui
535 2241 638 2274 etiam
663 2252 702 2272 ex
723 2239 856 2272 familia
879 2236 1084 2271 Amalorum

109 2294 190 2328 fuit.
243 2292 297 2327 Ex
315 2290 369 2326 his
387 2291 590 2336 parentibus
602 2288 768 2323 Eutarico
787 2296 819 2322 et
830 2285 1085 2321 Amalosuntha

112 2351 216 2377 natus
241 2350 290 2376 est
311 2340 528 2379 Atalaricus,
558 2341 619 2385 qui
643 2340 784 2373 orbatus
809 2345 903 2382 patre
925 2337 1087 2371 successit

111 2392 337 2428 Theodorico
367 2393 403 2425 in
424 2404 530 2434 regno
555 2390 691 2430 ltaliae,
725 2396 828 2423 natus
852 2399 964 2422 annos
995 2394 1086 2427 octo,

113 2445 174 2478 sed
191 2450 303 2477 mater
328 2443 499 2475 excellens
515 2440 701 2485 prudentia
719 2446 751 2473 et
772 2440 900 2472 virtute
926 2439 1087 2483 aliquan-

112 2494 176 2528 diu
194 2494 283 2527 iuste
300 2499 333 2526 et
347 2493 517 2526 foeliciter
537 2491 755 2532 gubernavit.
807 2488 953 2522 Decreta
972 2494 1088 2521 extant

113 2544 178 2577 filii
198 2543 341 2577 nomine
357 2543 399 2576 de
415 2540 650 2575 Ecclesiarum
667 2541 845 2577 libertate,
874 2546 905 2572 et
922 2538 1088 2571 canonica

113 2592 370 2638 Episcoporum
405 2591 590 2633 electione,
624 2598 655 2625 et
679 2590 861 2634 stipendiis
890 2589 1088 2623 docentium

116 2645 153 2677 iu
178 2642 317 2678 scholis.

685 114 714 149 Ι.
755 109 1045 149 CHRONICON
1072 106 1318 145 CARIONIS.
1373 109 1496 145 PARS
1524 109 1568 144 II.

2030 116 2124 151 1038

1252 190 1413 228 Offendit
1431 200 1544 227 autem
1572 193 1762 229 Gottorum
1777 196 1974 231 voluntates
1990 198 2123 234 duabus

1123 252 1124 258 ¹
1151 243 1269 276 rebus:
1305 244 1524 277 institutione
1548 245 1627 286 filii,
1654 257 1756 290 quem
1782 247 1898 281 literas
1924 249 2039 281 doceri
2063 262 2122 282 vo-

1147 292 1235 334 luit,
1262 300 1294 326 et
1312 294 1465 335 iusticia,
1494 307 1560 339 qua
1577 295 1753 329 licentiam
1773 298 1900 330 ducum
1918 305 1949 331 et
1968 299 2119 333 militum

1147 340 1370 384 cohercebat,
1405 357 1448 377 ne
1471 345 1562 378 cives
1587 345 1623 378 in
1646 344 1745 380 Italia
1772 347 1910 380 iniuriis
1933 348 2118 384 afficerent.

1146 391 1307 426 Permisit
1337 401 1450 428 autem
1481 402 1608 434 mater,
1642 403 1680 429 ut
1705 397 1778 429 filio
1810 404 1878 430 tres
1904 410 1942 430 ex
1967 397 2117 433 Gotticis

1145 443 1362 486 principibus
1393 445 1678 488 praeficerentur,
1712 446 1773 490 qui
1801 453 1834 480 et
1863 448 2116 483 adolescentem

1144 493 1186 525 ad
1223 494 1388 527 militaria
1418 495 1578 527 exercitia
1613 497 1882 537 assuefacerent,
1915 504 1947 531 et
1971 500 2115 533 consilia

1144 543 1282 585 publica
1302 551 1470 586 regerent.
1497 543 1544 576 Hi
1563 544 1641 587 plus
1657 545 1815 578 licentiae
1830 546 1867 578 in
1887 547 1962 580 ocio
1981 555 2014 582 et
2031 550 2114 582 ado-

1144 592 1286 626 lescenti
1303 600 1337 626 et
1355 594 1526 626 militibus
1546 594 1789 637 permiserunt.
1826 595 1894 628 Sed
1915 598 2114 632 adolescens

1142 643 1225 675 dum
1259 643 1497 686 voluptatibus
1524 644 1702 686 indulget,
1731 651 1891 678 mortuus
1915 653 1982 687 est,
2019 656 2113 690 post-

1143 704 1246 736 quam
1282 704 1393 726 annos
1426 699 1503 726 octo
1535 705 1612 726 cum
1636 700 1744 727 matre
1768 695 1937 737 regnavit.
2003 696 2114 731 Mater

1145 743 1271 775 deinde
1296 750 1364 776 tres
1384 743 1463 776 illos
1485 743 1734 785 gubernatores
1757 745 1818 777 filii
1844 745 1990 778 interfici
2015 758 2115 780 cura-

1142 792 1209 832 vit,
1237 799 1270 826 et
1286 801 1325 827 ut
1341 805 1375 826 se
1390 793 1558 834 muniret,
1583 791 1806 827 Theodatum
1824 793 1969 828 Gottum
1986 796 2052 830 sibi
2068 799 2112 831 ad

1140 843 1238 884 regni
1255 843 1451 877 societatem
1467 843 1645 882 adiunxit,
1672 851 1705 877 et
1728 856 1806 877 curn
1830 844 2021 879 Iustiniano
2046 847 2114 880 im-

1142 899 1301 935 peratore
1335 894 1458 926 soedus
1481 894 1574 926 facit.
1634 893 1803 928 Praetulit
1827 902 1944 929 autem
1971 899 2111 930 caeteris

1142 941 1398 975 Amalosuntha
1434 941 1527 976 hunc
1552 940 1794 985 Theodatum‚
1828 946 1921 989 quod
1955 953 1987 979 et
2010 954 2110 980 natus

1142 997 1215 1023 erat
1237 1002 1276 1023 ex
1296 990 1498 1024 Amalsreda
1520 1004 1639 1025 sorore
1665 992 1898 1036 Theoderici,
1923 1002 1955 1029 et
1978 1005 2111 1030 rexerat

1138 1040 1364 1081 Hetruriam,
1388 1048 1421 1074 et
1444 1041 1706 1075 existimabatur
1733 1051 1874 1086 propter
1905 1046 2018 1078 studia
2047 1048 2111 1079 do-

1140 1090 1350 1131 ctrinarum,
1392 1091 1473 1135 quia
1498 1090 1700 1124 Platonicus
1735 1090 1855 1125 haberi
1883 1094 2012 1134 voluit,
2038 1095 2112 1128 sore

1139 1140 1279 1174 iustior:
1308 1141 1367 1173 sed
1389 1141 1491 1183 longe
1506 1152 1579 1173 eam
1596 1142 1718 1175 fefellit
1733 1143 1865 1185 opinio.
1917 1143 2005 1176 Nam
2025 1156 2111 1178 ava—

1140 1190 1224 1223 ricia
1250 1190 1386 1233 generis
1417 1190 1637 1224 nobilitatem
1662 1192 1698 1224 in
1727 1204 1765 1225 eo
1794 1194 2042 1233 dedecorabat,
2077 1203 2110 1229 et

1139 1247 1284 1273 naturae
1300 1240 1505 1284 pravitatem
1529 1241 1565 1272 in
1581 1252 1622 1273 eo
1646 1253 1716 1274 non
1742 1244 2010 1277 emendaverant
2030 1244 2110 1278 lite-

1141 1302 1217 1331 rae,
1242 1291 1336 1323 iuxta
1354 1290 1502 1324 dictum:
1527 1290 1709 1324 Sincerum
1728 1298 1775 1325 est
1796 1293 1863 1325 nisi
1890 1305 1966 1332 vas,
1995 1296 2109 1338 quod-

1138 1352 1276 1386 cunque
1292 1341 1468 1379 infundis,
1494 1341 1629 1375 acescit.
1682 1340 1888 1385 Imponebat
1908 1342 2027 1377 Italiae
2053 1344 2109 1376 in-

1137 1391 1225 1424 iusta
1242 1391 1392 1432 tributa,
1418 1397 1451 1424 et
1474 1391 1603 1424 multos
1619 1392 1809 1426 excutiebat
1823 1405 1862 1426 ex
1887 1394 2108 1428 facultatibus

1138 1441 1375 1486 qualicunque
1392 1448 1569 1484 praetextu
1593 1441 1847 1476 circumventos
1863 1444 2055 1477 calumniis

1237 1490 1338 1524 Hanc
1368 1491 1581 1525 iniusticiam
1604 1503 1682 1524 cum
1708 1491 1974 1535 reprehenderet
1999 1492 2108 1527 Ama-

1135 1539 1318 1582 losuntha,
1343 1541 1486 1574 inclusit
1507 1553 1580 1574 eam
1599 1540 1635 1573 in
1652 1553 1798 1577 carcere.
1850 1542 1904 1576 lbi
1928 1544 2107 1588 aliquanto

1135 1598 1211 1635 post
1238 1592 1361 1625 fraude
1389 1589 1562 1624 Theodati
1598 1591 1777 1625 interfecta
1804 1600 1872 1633 est,
1906 1594 1965 1638 qui
1991 1601 2107 1626 tamen

1135 1653 1206 1674 non
1223 1642 1335 1675 multo
1354 1641 1704 1685 postingratitudinis
1723 1654 1852 1685 poenas
1867 1644 1981 1682 dedit,
2009 1643 2105 1677 iuxta

1134 1691 1284 1721 dictum:
1311 1690 1392 1721 Non
1410 1692 1545 1722 recedet
1561 1691 1692 1722 malum
1709 1703 1728 1723 a
1746 1693 1851 1724 domo
1867 1693 2008 1735 ingrati.

1231 1782 1447 1819 Theodatus
1463 1785 1621 1828 regnavit
1634 1786 1721 1819 duos
1735 1798 1846 1821 annos
1861 1795 1936 1832 post
1952 1797 2108 1823 necatam

1135 1834 1426 1869 Amalosuntham
1440 1863 1449 1876 ,
1476 1847 1618 1876 avarus,
1645 1836 1798 1870 insoleus
1814 1838 1848 1870 in
1866 1839 1968 1871 rebus
1984 1852 2109 1874 secun-

1136 1886 1208 1926 dis,
1230 1886 1268 1917 in
1283 1885 1437 1918 adversis
1456 1886 1610 1918 timidus.
1662 1886 1750 1918 Cum
1767 1888 1896 1920 bellum
1915 1890 1945 1921 ei
1963 1890 2107 1924 inferret

1140 1935 1355 1969 Iustinianus
1376 1942 1519 1979 propter
1535 1947 1652 1968 necem
1678 1934 1971 1979 Amalosuntbae,
2005 1940 2104 1973 initio

1137 1986 1293 2029 trepidus
1318 1984 1454 2018 Italiam
1484 1997 1519 2018 se
1546 1986 1576 2017 ei
1603 1986 1812 2020 traditurum
1841 2000 1911 2021 esse
1935 1990 2103 2032 promisit.

1137 2036 1206 2069 Sed
1223 2048 1300 2069 cum
1319 2035 1356 2068 in
1375 2034 1517 2080 Illyrico
1533 2035 1718 2078 dissipatus
1739 2044 1825 2071 esset
1842 2037 2026 2072 Iustiniani
2048 2052 2105 2072 ex-

1138 2087 1285 2126 ercitus,
1311 2086 1420 2118 elatus
1436 2098 1526 2119 nova
1549 2097 1608 2129 spe
1631 2086 1759 2128 legatos
1777 2086 1960 2121 Iustiniani
1979 2090 2104 2123 retinet

1139 2137 1292 2169 inclusos
1322 2136 1462 2171 carceri.
1528 2134 1582 2169 lbi
1617 2148 1699 2169 vero
1728 2136 1942 2172 Iustinianus
1972 2138 2104 2172 Belisa-

1138 2187 1246 2226 rium,
1278 2186 1377 2219 cuius
1400 2186 1511 2220 virtus
1534 2192 1565 2219 et
1590 2186 1758 2220 foelicitas
1782 2187 1848 2220 iam
1871 2189 2008 2231 cognita
2032 2197 2104 2223 erat

1138 2237 1256 2270 multis
1270 2236 1450 2279 gentibus,
1478 2248 1554 2268 cum
1580 2242 1613 2269 et
1638 2236 1673 2268 iu
1690 2234 1839 2270 Oriente
1858 2237 1977 2271 Persas
2001 2240 2103 2272 vicis-

1138 2294 1206 2326 set,
1232 2293 1264 2320 ct
1283 2297 1402 2319 recens
1421 2285 1541 2318 deletis
1559 2284 1725 2318 vandalis
1739 2285 1894 2320 Africam
1911 2290 2104 2332 recepisset,

1138 2337 1232 2369 misit
1250 2337 1284 2368 in
1302 2335 1449 2371 ltaliam.
1499 2334 1566 2367 llic
1582 2343 1779 2378 recuperata
1795 2336 1913 2371 Sicilia
1931 2339 2105 2382 ingressus

1140 2387 1294 2427 ltaliam,
1324 2386 1476 2429 primum
1503 2385 1640 2418 obsedit
1668 2385 1859 2429 Neapolin,
1890 2389 1926 2422 in
1949 2402 2017 2434 qua
2041 2391 2104 2423 etsi

1140 2438 1171 2470 vi
1195 2449 1269 2470 eam
1291 2442 1450 2479 ceperat,
1476 2441 1591 2468 tamen
1613 2447 1728 2468 severe
1753 2439 1946 2482 praecepit,
1968 2451 2012 2472 ne
2031 2451 2104 2472 sae—

1139 2488 1226 2521 vicia
1251 2492 1464 2519 exerceretur
1485 2486 1521 2517 iu
1547 2485 1656 2525 cives,
1681 2497 1802 2519 eorum
1827 2489 1990 2531 coniuges
2014 2496 2046 2523 et
2063 2490 2105 2521 li-

1140 2540 1257 2576 beros,
1294 2537 1459 2580 iussitque
1483 2536 1573 2568 cives
1599 2536 1721 2569 domos
1746 2544 1778 2571 et
1801 2549 1855 2570 res
1879 2550 1956 2572 suas
1980 2546 2104 2571 tenero.

1140 2587 1184 2621 Et
1201 2588 1342 2632 quiden·
1359 2584 1422 2618 hac
1440 2597 1521 2618 usus
1540 2586 1698 2618 oratione
1715 2588 1757 2619 ad
1774 2589 1902 2622 milites
1925 2589 2102 2622 scribiturt

1142 2638 1319 2671 Divinitus
1342 2647 1376 2669 se
1401 2637 1548 2680 potitum
1573 2647 1644 2669 esse
1668 2638 1772 2677 urbe,
1803 2651 1889 2682 quae
1920 2640 2105 2682 putabatur

1504 2685 1592 2718 66*
