2324 2955
132 95 205 130 277

674 90 833 126 DECL.
869 90 942 126 DE
986 89 1305 128 GREGORIO
1340 92 1606 132 NAZIANZ.

2078 113 2148 147 278

129 189 242 217 cessu,
279 184 338 211 aut
372 183 653 210 coacervatorum
687 174 878 211 humorum
911 178 1020 216 vicio,
1060 178 1115 210 vel
1138 180 1142 203 ¹
1166 183 1199 210 et
1214 178 1467 221 disputationes
1484 183 1609 216 multas
1625 185 1795 228 continet,
1823 196 1853 222 et
1870 195 2023 237 exempla
2044 197 2147 241 ffigna

126 229 357 262 continuitate
379 229 503 262 soluta.

226 277 320 311 Haec
339 277 539 311 declarandi
563 275 757 320 aphorismi
781 291 899 319 causa,
927 291 994 323 qna
1012 279 1112 322 potui

124 329 296 362 brevitate
321 328 482 372 exposui,
516 334 548 360 et
568 340 630 360 oro
656 336 875 370 reverenter,
903 336 942 363 ut
958 336 989 362 et
1007 340 1111 371 argu-

124 380 234 413 menti
265 386 299 412 et
333 379 503 411 orationis
537 379 741 412 tenuitatem
779 381 865 413 boni
901 380 1110 418 consulatis,

124 430 218 473 quod
242 430 396 462 facturos
418 441 479 462 vos
505 430 547 462 de
564 426 781 462 humanitate
799 438 911 463 vestra
940 438 971 464 et
990 430 1109 475 aequi-

122 485 209 520 tate,
241 486 345 524 atque
367 490 446 522 erga
470 492 525 512 me
549 479 794 513 benevolentia
819 481 989 524 singulari
1015 487 1107 514 certo

119 527 208 562 mihi
228 531 433 573 persuadeo.

222 578 300 614 Oro
324 581 426 613 etiam
450 579 563 613 Deum
586 587 784 621 aeternum,
811 587 944 625 patrem
962 581 1106 615 Domini

120 631 234 663 nostri
255 632 332 663 lesu
356 629 506 671 Christi,
534 642 596 674 per
615 637 647 664 et
671 639 813 674 propter
830 632 959 672 filium,
984 639 1023 665 ut
1045 633 1106 664 ad-

120 681 164 713 sit
186 679 360 714 Ecclesiae
383 692 482 720 suae,
516 687 548 713 et
571 681 607 713 in
629 678 692 714 hac
715 679 834 715 schola
853 689 965 715 servet
990 695 1028 715 ac
1045 683 1104 714 de-

119 731 241 764 fendat
263 732 377 764 studia
403 731 583 764 doctrinae
617 732 794 772 coelestis,
829 744 867 765 ac
893 739 1104 766 caeterarum

118 781 248 814 artium
282 788 315 814 et
346 788 458 815 totum
491 782 583 815 vitae
616 789 648 815 et
674 783 872 816 studiorum
904 790 1103 816 nostrorum

118 843 260 865 cursum
284 839 378 875 regat
402 844 440 865 ac
465 833 653 875 gubernet,
689 840 721 866 et
749 840 892 866 conatus
924 834 960 866 in
991 834 1105 866 medi-

117 883 229 915 cando
245 890 383 916 nostros
399 889 505 927 atque
522 883 732 916 industriam
748 884 914 918 fortunet.
958 884 1051 918 Dixi.

929 1080 977 1100 an.
997 1069 1088 1100 1558.

923 1114 1092 1127 Μ

114 1064 179 1098 No.
200 1064 282 1099 166.

318 1164 392 1204 De
424 1162 643 1219 Greyorio
674 1165 735 1205 Nc
748 1165 894 1204 zicmz.

182 1244 215 1269 In
234 1243 310 1269 Orat.
329 1243 361 1269 T.
377 1244 410 1268 V.
431 1252 456 1275 p.
472 1243 504 1266 50
519 1252 591 1275 μιᾳ,
624 1245 651 1268 iu
673 1243 851 1269 Orationibus
870 1245 1013 1278 postremis
1033 1245 1101 1271 Mel.

213 1287 240 1311 p.
257 1278 298 1303 53.
317 1283 341 1302 et
368 1278 437 1310 apud
458 1276 586 1304 Richard.
605 1278 635 1303 T.
651 1278 695 1304 111.
717 1288 742 1309 p.
756 1278 815 1302 738.

115 1366 242 1398 Oratio
275 1362 320 1396 de
359 1362 533 1406 Greyorio
567 1363 831 1406 Naz5anzeno5
880 1366 1045 1397 recitata
1080 1376 1102 1398 α

112 1416 163 1448 M.
199 1412 359 1447 Iacobo
396 1411 631 1453 Lzechnero
677 1413 890 1455 Austrae'aw,
934 1416 1100 1458 Decano,

451 1460 512 1494 20.
528 1460 630 1494 Febr.
652 1460 759 1496 1558.

111 1529 295 1569 Honestae
318 1543 440 1566 causae
461 1538 542 1565 sunt
569 1530 695 1565 horum
722 1545 990 1577 congressuum,
1018 1547 1098 1568 nam

111 1593 144 1620 et
162 1583 466 1618 renunciationem
483 1583 766 1616 testimoniorum
784 1587 879 1617 decet
893 1597 964 1617 esse
981 1587 1099 1629 publi-

111 1648 205 1676 cam,
244 1641 277 1668 et
301 1633 489 1667 convenire
520 1645 619 1666 senes
647 1640 813 1679 tanquam
848 1647 1028 1674 censores,
1062 1644 1099 1670 ut

110 1686 257 1721 audiant
278 1684 394 1729 qualia
420 1684 490 1716 sint
506 1684 687 1717 iuniorum
709 1686 845 1726 studia,
872 1687 959 1718 utile
976 1694 1043 1727 est,
1066 1694 1098 1720 et

110 1738 185 1782 ipse
201 1741 405 1778 conspectus
429 1734 622 1767 multorum
648 1736 866 1769 eruditorum
893 1736 927 1768 in
947 1733 1010 1769 hac
1029 1738 1097 1770 fre-

110 1786 253 1833 quentia
270 1785 426 1818 accendit
441 1784 577 1817 animos
594 1785 772 1818 iuniorum
791 1788 833 1819 ad
852 1788 1095 1829 cogitationem

110 1840 154 1872 de
189 1836 315 1870 studiis
352 1835 544 1870 doctrinae.
609 1834 850 1869 Convenimus
879 1845 994 1871 autem
1024 1851 1094 1871 non

109 1895 247 1923 tantum
271 1887 314 1919 ad
338 1883 423 1918 haec
444 1886 657 1929 spectacula,
693 1888 750 1919 sed
775 1888 886 1920 multo
917 1889 1026 1931 magis
1052 1890 1093 1921 ad

109 1937 359 1984 precationem.
413 1936 531 1979 Quare
554 1936 656 1970 initio
680 1938 723 1970 ad
748 1935 838 1971 hanc
866 1951 977 1971 meam
1001 1952 1095 1972 com-

109 1987 400 2022 memorationem
425 1987 574 2029 gemitus
599 1994 630 2021 et
653 1995 731 2021 vota
758 1995 870 2022 vestra
899 1989 1093 2031 adiungite:

112 2038 253 2073 Gratias
269 2037 403 2079 agimus
421 2037 498 2070 Deo
518 2044 675 2078 aeterno,
709 2040 798 2082 patri
816 2038 958 2072 Domini
983 2041 1092 2073 nostri

111 2089 191 2123 lesu
213 2085 365 2128 Christi,
399 2088 545 2120 creatori
570 2089 704 2130 generis
728 2087 896 2130 humani,
927 2103 996 2123 una
1015 2103 1092 2123 cum

108 2140 183 2173 filio
221 2150 283 2172 suo
307 2136 460 2171 Domino
491 2145 611 2171 nostro
638 2138 714 2172 lesu
737 2138 878 2174 Christo
902 2147 934 2174 et
959 2140 1093 2184 Spiritu

110 2197 248 2232 sancto,
278 2191 371 2233 quod
396 2201 479 2221 voce
503 2186 687 2232 Evangelii
714 2190 804 2224 inter
828 2203 892 2223 nos
918 2199 1093 2224 aeternam

109 2238 303 2274 Ecclesiam
319 2239 470 2282 colligit,
497 2245 529 2272 et
547 2237 712 2273 hactenus
732 2253 795 2274 nos
814 2242 1003 2275 clementer
1021 2254 1092 2275 ser-

111 2291 222 2331 vavit,
248 2296 282 2323 et
297 2289 410 2323 studia
429 2290 610 2322 doctrinae
625 2292 716 2334 apud
735 2303 797 2324 nos
814 2293 920 2332 rexit,
945 2305 1093 2337 eumque

111 2352 269 2380 oramus,
304 2346 343 2372 ut
365 2340 527 2383 deinceps
551 2352 615 2374 nos
639 2349 750 2374 servet
777 2349 807 2375 et
838 2343 1027 2385 gubernet,
1061 2351 1094 2376 et

112 2403 184 2425 non
203 2390 294 2423 sinat
314 2390 467 2433 extingui
487 2391 597 2424 lucem
623 2392 803 2424 doctrinae
828 2404 926 2433 suae,
953 2401 986 2427 et
1004 2405 1093 2427 sem-

110 2454 173 2486 per
192 2442 284 2474 inter
299 2452 362 2473 nos
379 2448 553 2475 aeternam
570 2439 760 2475 Ecclesiam
782 2443 934 2485 colligat.

212 2490 350 2524 Deinde
367 2503 444 2523 cum
459 2488 605 2525 honeste
624 2493 822 2526 institutum
841 2494 904 2531 sit,
930 2499 968 2526 ut
986 2492 1020 2524 in
1038 2489 1093 2524 his

112 2541 356 2585 congressibus
381 2542 517 2574 dicatur
541 2543 674 2587 aliquid
700 2545 741 2576 ad
760 2543 959 2577 excitandos
976 2542 1093 2576 iunio-

112 2604 166 2626 res
188 2594 229 2625 ad
250 2592 474 2629 discendum,
501 2599 559 2626 aut
579 2594 620 2626 ad
640 2593 824 2626 formanda
850 2594 998 2632 iudicia,
1032 2594 1092 2625 de-

110 2642 204 2676 crevi
219 2640 400 2676 historiam
417 2642 560 2676 recitare
576 2642 977 2687 GregoriiNazianzeni‚
1004 2656 1092 2689 quae

1165 228 1344 262 memoria.
1406 230 1574 266 Libenter
1598 236 1690 267 enim
1718 234 1784 270 huc
1810 237 1974 276 historias
1991 254 2145 283 veterum

1136 285 1137 288 ’
1163 276 1385 321 Scriptorum
1411 282 1619 324 adserimus,
1656 294 1693 319 ut
1719 289 1760 320 ad
1782 297 2056 333 cognoscendam
2076 297 2144 332 Ec—

1163 328 1285 384 clesiae
1306 330 1568 374 antiquitatem,
1605 342 1636 369 et
1655 338 1696 369 ad
1721 341 1991 378 considerandas
2010 348 2144 382 diiudi-

1161 386 1315 411 cationes
1343 382 1572 416 maximorum
1607 389 1836 422 certaminum
1861 393 2017 429 iuniores
2050 399 2143 433 invi-

1160 436 1288 462 tentur.
1341 428 1388 464 Et
1417 434 1557 475 prodest
1587 436 1716 470 intueri
1750 443 1907 476 omnium
1946 452 2142 491 temporum

1159 477 1349 513 Ecclesiam
1364 508 1372 520 ,
1400 489 1438 515 ut
1456 485 1593 526 piorum
1612 487 1752 521 iudiciis
1779 492 1819 522 de
1839 493 1997 529 doctrina
2015 501 2143 534 confir—

1158 542 1314 571 memur,
1345 539 1376 564 et
1394 535 1559 577 exemplis
1575 537 1758 577 erigamur.
1812 541 1859 574 [Tt
1881 556 1957 577 cum
1983 548 2140 584 videmus

1158 581 1322 615 omnibus
1354 585 1568 626 temporibus
1594 588 1753 631 cymbam
1780 590 1841 622 filii
1867 591 1934 626 Dei
1957 594 2142 634 horribili-

1157 631 1222 663 bus
1239 634 1502 675 tempestatibus
1522 643 1717 680 quassatam
1737 650 1826 679 esse‚
1855 649 1887 675 et
1911 650 2026 679 tamen
2048 651 2140 683 divi-

1157 682 1250 714 nitus
1268 691 1437 716 servatam
1449 712 1458 724 ,
1486 697 1557 718 non
1574 687 1777 730 frangamur
1792 691 1919 725 animis
1935 695 1995 728 illa
2012 699 2139 732 tristis-

1156 733 1242 765 sima
1269 734 1399 777 specie,
1432 736 1668 770 existimantes
1700 750 1842 781 prorsus
1873 744 2044 780 abiectum
2070 761 2141 783 esse

1156 794 1264 825 genus
1280 781 1473 817 humanum
1487 798 1505 818 a
1521 785 1615 827 Deo,
1638 789 1695 820 sed
1714 790 1862 824 sciamus
1877 799 1990 828 tamen
2006 809 2140 843 semper

1155 834 1290 878 aliquas
1313 836 1444 867 servari
1470 836 1634 881 reliquias
1649 865 1657 878 ‚
1686 851 1774 883 quae
1798 843 1867 876 sint
1892 856 1971 879 vera
1987 845 2054 881 Dei
2071 848 2140 884 Ec-

1155 884 1274 924 clesia,
1301 893 1329 918 et
1351 883 1439 917 hanc
1456 888 1581 928 gestari
1599 889 1761 923 manibus
1782 892 1843 924 filii
1868 892 1950 933 Dei,
1979 910 2021 930 ne
2038 912 2140 943 pror-

1154 945 1211 966 sus
1235 936 1471 978 opprimatur,
1507 938 1594 971 sicut
1620 941 1710 982 apud
1738 939 1878 975 Esaiam
1909 946 2039 981 dictum
2073 958 2139 984 est:

1154 983 1231 1025 Ego
1256 997 1317 1017 vos
1342 986 1481 1027 gestabo
1505 988 1608 1020 etiam
1632 990 1667 1021 in
1685 999 1842 1032 senecta,
1869 992 1945 1037 Ego
1968 998 2050 1035 feci,
2077 1012 2138 1043 ego

1153 1035 1294 1067 salvabo
1320 1047 1392 1070 vos.
1446 1035 1515 1068 Nec
1541 1039 1665 1072 dubito
1690 1041 1774 1083 quin
1796 1054 1916 1077 omnes
1940 1048 1999 1090 qui
2019 1036 2140 1083 Eccle-

1153 1085 1238 1117 siam
1263 1093 1398 1124 amant,
1435 1083 1488 1118 his
1514 1084 1668 1121 historiis
1694 1091 1926 1134 delectentur,
1955 1097 1990 1128 in
2012 1100 2139 1142 quibus

1154 1136 1358 1175 recitandis,
1398 1137 1460 1170 etsi
1493 1138 1588 1171 deest
1616 1140 1800 1182 splendor,
1840 1155 1941 1187 quem
1976 1147 2139 1184 adhibuit

1154 1193 1304 1219 vetustas
1329 1198 1365 1218 in
1390 1189 1624 1232 panegyricis,
1652 1202 1753 1234 quem
1774 1193 1875 1234 pauci
1903 1195 2039 1231 imitare
2060 1213 2140 1243 pos-

1153 1244 1253 1273 sunt,
1287 1237 1422 1269 etiamsi
1449 1238 1576 1271 velint:
1614 1246 1728 1272 tamen
1759 1243 1862 1276 etiam
1895 1245 2012 1280 brevis
2043 1263 2138 1283 com-

1153 1287 1359 1318 memoratio
1383 1287 1511 1319 multas
1533 1290 1794 1324 admonitiones
1818 1294 1918 1326 offert
1940 1299 2040 1331 utiles
2060 1313 2139 1343 par-

1153 1334 1214 1366 tim
1232 1335 1376 1374 studiis,
1404 1337 1530 1378 partim
1549 1339 1716 1371 moribus.

1252 1383 1323 1416 Nec
1348 1397 1429 1417 vero
1454 1386 1639 1430 quicquam
1665 1389 1801 1423 dulcius
1826 1399 1892 1433 est,
1927 1408 2031 1439 quam
2059 1410 2136 1432 cuin

1153 1433 1222 1465 illis
1238 1434 1322 1465 viris
1340 1435 1437 1478 quasi
1455 1436 1620 1480 colloqui,
1649 1440 1741 1482 quod
1760 1441 1810 1481 fit,
1835 1455 1913 1476 cum
1932 1446 1969 1477 in
1986 1444 2039 1480 his
2054 1460 2137 1482 nar-

1152 1483 1349 1515 rationibus
1365 1485 1613 1518 confirmamur
1631 1488 1785 1530 ipsorum
1813 1496 1994 1528 sententiis
2013 1498 2055 1530 de
2073 1501 2138 1532 do-

1152 1533 1279 1571 ctrina,
1314 1539 1346 1565 et
1373 1534 1558 1576 exemplis,
1594 1548 1682 1580 quae
1707 1539 1744 1570 in
1769 1540 1942 1576 similibus
1961 1551 2137 1582 aerumnis

1151 1589 1211 1615 aut
1227 1583 1413 1615 consilium
1432 1586 1640 1627 ostendunt,
1666 1595 1726 1621 aut
1750 1596 1840 1623 certe
1857 1595 2069 1629 moesticiam
2089 1600 2138 1632 le-

1152 1633 1266 1665 niunt.
1326 1633 1499 1667 Videmur
1521 1636 1615 1668 enim
1649 1637 1778 1671 iniuste
1811 1649 1945 1685 petere,
1980 1653 2017 1679 nt
2044 1657 2137 1682 extra

1151 1695 1372 1716 communem
1399 1685 1497 1728 quasi
1523 1685 1653 1729 legem,
1688 1690 1790 1723 nobis
1810 1690 1898 1725 nihil
1917 1695 2063 1729 insuave
2080 1712 2137 1732 ac-

1150 1734 1263 1774 cidat,
1291 1746 1369 1767 curn
1387 1735 1529 1778 quidem
1546 1737 1713 1779 sciamus,
1737 1752 1844 1784 quare
1865 1750 1935 1777 tota
1952 1744 2136 1782 hominum

1150 1791 1273 1818 natura
1290 1784 1492 1827 ingentibus
1514 1787 1664 1820 miseriis
1686 1799 1827 1825 onerata
1847 1794 1910 1834 sit,
1941 1803 1971 1829 et
1988 1797 2067 1830 illos
2085 1800 2137 1832 vi-

1149 1846 1206 1868 ros
1225 1835 1388 1867 meliores
1405 1837 1581 1880 asperiora
1602 1839 1732 1873 tulisse.

1251 1884 1303 1918 Ac
1327 1886 1364 1918 in
1390 1886 1464 1929 ipso
1490 1887 1592 1921 initio
1618 1886 1724 1923 huius
1748 1888 1914 1927 historiae
1932 1894 1998 1930 hoc
2022 1910 2135 1932 exem-

1148 1936 1245 1980 plum
1263 1936 1366 1968 nobis
1382 1944 1518 1978 gratum
1538 1949 1610 1971 esse
1634 1940 1735 1974 dehet
1748 1968 1756 1980 ‚
1784 1946 1876 1986 quod
1896 1947 2024 1980 scimus
2044 1948 2136 1982 Gre-

1148 1986 1283 2030 gorium
1309 1985 1567 2020 Nazianzenum
1592 1995 1711 2022 natum
1737 2002 1807 2024 esse
1829 2001 1924 2036 patre
1946 1996 2134 2041 Episcopo,

1149 2045 1179 2070 et
1196 2036 1317 2069 scribit
1337 2037 1409 2080 ipse
1427 2043 1494 2069 tam
1512 2038 1592 2070 felix
1611 2038 1716 2071 fuisse
1733 2043 1932 2085 coniugium
1945 2073 1952 2084 ,
1982 2055 2016 2080 ut
2037 2050 2132 2082 aliud

1148 2087 1374 2131 tranquillius
1399 2099 1469 2119 non
1496 2088 1634 2122 xiderit.
1698 2089 1848 2125 'Matrem
1876 2095 1978 2128 etiam
2003 2108 2131 2140 narrat,

1148 2138 1228 2183 quia
1259 2144 1401 2181 propter
1430 2138 1652 2180 prudentiam
1688 2146 1720 2173 et
1749 2144 1985 2179 sanctissimos
2019 2161 2132 2183 mores

1147 2200 1271 2231 magna
1288 2188 1361 2220 eius
1379 2188 1547 2221 autoritas
1569 2190 1660 2232 apud
1680 2202 1801 2224 omnes
1822 2190 1984 2229 honestas
2001 2206 2133 2233 matro-

1148 2252 1209 2272 nas
1235 2245 1327 2275 erat,
1360 2238 1551 2270 multorum
1576 2240 1802 2275 dissidiorum
1827 2245 1959 2280 semina
1983 2248 2020 2281 in
2045 2251 2131 2284 urbe

1147 2290 1318 2323 Nazianza
1339 2295 1370 2321 et
1389 2288 1515 2321 vicinia
1534 2290 1726 2323 extinxisse.

1248 2338 1312 2372 Est
1345 2345 1460 2371 autem
1491 2338 1660 2372 Nazianza
1690 2343 1860 2385 oppidum
1890 2344 2130 2389 Cappadociae

1149 2391 1303 2423 vicinum
1334 2388 1537 2426 Caesareae,
1582 2390 1616 2421 in
1642 2403 1709 2434 qua
1742 2400 1842 2427 natus
1869 2404 1942 2429 erat
1966 2396 2131 2437 Basilius.

1147 2454 1225 2475 cum
1245 2452 1313 2485 quo
1335 2446 1450 2482 postea
1477 2436 1556 2471 hnic
1574 2446 1605 2472 et
1625 2441 1776 2475 amicitia
1793 2453 1960 2488 perpetua
1974 2475 1981 2484 ,
2010 2457 2038 2481 et
2059 2458 2130 2482 stn-

1147 2493 1288 2525 diorum
1312 2490 1454 2522 societas
1476 2489 1561 2529 suit,
1588 2497 1626 2523 ut
1650 2498 1766 2534 postea
1785 2495 1908 2530 diram.
1962 2496 2050 2530 Cum
2069 2513 2129 2532 au-

1118 2560 1119 2581 i
1147 2549 1215 2575 tem
1238 2540 1334 2573 domi
1368 2551 1386 2572 a
1410 2540 1613 2582 parentibus
1645 2542 1791 2577 disceret
1814 2544 2069 2589 Prophetarum
2097 2558 2127 2582 ot

1146 2591 1396 2636 Apostolorum
1437 2590 1690 2633 enarrationes,
1738 2591 1914 2629 Ecclesiae
1947 2595 2126 2631 historiam

1146 2650 1178 2677 et
1204 2641 1329 2676 iudicia
1352 2646 1552 2674 sanctorum
1578 2642 1734 2676 virorum
1753 2645 1795 2678 de
1812 2647 2024 2688 gravissimis
2043 2661 2126 2681 con-

1526 2691 1597 2725 18*
