2324 2955
103 100 176 137 741

105 185 168 224 sit,
195 189 228 217 et
251 189 368 218 tamen
392 190 525 218 servata
543 181 735 224 divinitus,
763 190 794 217 et
812 183 989 229 quomodo
1006 193 1089 227 pro-

105 241 227 281 pagata
245 235 289 268 sit
307 235 467 267 doctrina
486 235 522 267 in
540 231 602 267 has
620 234 710 278 ipsas
728 234 860 267 vicinas
876 241 1004 277 gentes.

206 282 412 320 Nemrod
438 291 516 329 post
538 296 651 318 annos
674 285 812 318 circiter
834 292 975 319 centum
1000 295 1019 317 a
1034 282 1090 316 di-

103 335 214 371 luvio.

206 385 342 420 Deinde
355 391 432 429 post
444 397 556 419 annos
569 386 640 420 fere
651 387 820 420 ducentos
836 383 877 420 N
885 385 929 418 ιή
942 395 989 417 us
1005 395 1090 417 con-

105 436 197 470 didit
220 435 372 469 Niniven
398 435 436 469 in
455 436 620 481 Assyria,
645 449 684 470 ac
707 449 842 470 summa
869 435 1024 480 potentia
1047 435 1089 466 ad

106 486 269 532 Assyrios
292 487 461 520 translata
484 494 554 528 est,
579 487 640 532 qui
660 493 692 520 et
710 486 865 521 Niniven
884 493 916 520 et
935 485 1090 531 Babylo-

104 548 185 570 nem
202 543 406 571 tenuerunt.

206 584 502 628 Semiramis,
532 599 621 620 uxor
636 586 741 626 Nini,
768 587 928 620 condidit
950 584 1091 619 moenia

103 635 317 681 Babylonis,
351 644 384 671 et
410 638 538 671 fossam
570 637 644 670 fieri
671 638 823 679 curavit,
854 645 887 672 et
910 648 1089 682 progressa
1115 659 1116 663 ,

1114 692 1116 703 1
1140 684 1231 718 libro
1250 683 1282 717 4.
1300 683 1438 726 Regum
1465 683 1576 725 capite
1598 680 1653 715 15.
1685 682 1816 714 dicitur
1843 678 1899 713 hic
1917 679 2010 713 Phul
2028 679 2134 712 Belo-

103 687 222 731 plures
240 688 400 730 regiones
414 688 609 731 occupavit.

204 735 301 772 Nin
312 737 382 771 ias
409 738 502 771 filius
518 737 602 771 Nini
628 746 661 773 et
678 737 930 773 Semiramidos
952 737 1037 771 vixit
1052 737 1089 770 in

102 787 198 826 ocio,
226 789 312 821 adeo
334 795 373 822 ut
396 788 524 821 deinde
551 789 588 821 in
613 790 842 833 scriptoribus
863 788 991 822 Ionicis
1008 800 1091 832 pro-

101 843 180 880 pter
210 838 387 881 ignaviam
410 839 646 882 vituperetur,
680 846 720 873 ut
741 846 862 873 narrat
885 837 1090 872 Athenaeus

101 887 195 921 libro
215 891 269 924 2:
289 887 460 934 ’Ἀριστος
476 887 615 923 ἐσθίειν
631 888 693 924 καὶ
710 887 847 923 πίνειν.
874 887 919 922 τὰ
938 887 978 923 δε
997 886 1088 922 ἀλλὰ

99 935 195 972 κατὰ
212 941 356 984 πετρῶν
372 939 474 976 ὤθει.
516 939 594 973 Hoc
612 946 780 983 regnante
791 937 974 972 Abraham
991 939 1088 973 venit

100 988 140 1020 in
157 987 382 1025 palestinam.

202 1038 287 1072 Post
310 1037 404 1072 hune
427 1039 465 1071 in
485 1037 630 1072 historia
648 1038 885 1073 Sodomorum
903 1040 939 1072 fit
957 1039 1089 1072 mentio

100 1088 192 1131 regis
209 1088 387 1129 Sennaar,
422 1089 458 1121 id
476 1096 546 1130 est,
580 1088 791 1133 Babylonis,
819 1087 895 1122 Am
908 1086 1091 1135 raphel‚
1115 1106 1116 1125 ς

99 1137 136 1172 111
161 1144 229 1179 est,
259 1139 380 1171 dicens
403 1139 640 1179 eversionem,
676 1138 825 1172 Genesis
850 1139 908 1174 14.
963 1139 1090 1172 Credi-

100 1188 173 1222 bile
204 1194 254 1222 est
281 1195 416 1229 autem,
450 1189 564 1221 varias
589 1189 801 1222 mutationes
826 1190 863 1222 in
886 1187 939 1222 his
964 1189 1090 1222 vicinis

100 1238 240 1281 regnss,
273 1236 452 1272 Chaldaeo
482 1246 515 1273 et
536 1239 682 1283 Assyrio
707 1240 884 1275 accidisse.

100 1289 198 1322 mina
216 1300 338 1331 regum
354 1286 582 1334 Assyriorum
597 1296 834 1330 recensentur,
861 1290 920 1323 sed
938 1290 1019 1335 quia
1035 1301 1090 1323 res

101 1344 214 1383 gestae
232 1350 306 1371 non
324 1346 408 1373 sunt
422 1339 580 1380 additae,
606 1340 732 1373 omitto
751 1347 882 1373 caetera
898 1340 1056 1373 nomina.

202 1387 281 1422 Hoc
311 1389 455 1433 plurimi
489 1390 668 1428 scribunt,
700 1402 740 1423 ex
766 1388 922 1436 Assyriis
947 1391 1090 1433 regibus

100 1438 267 1472 ultimum
293 1439 444 1473 tenuisse
466 1437 728 1480 monarchiam,
769 1442 805 1473 id
832 1447 901 1482 est,
934 1440 1090 1486 Babylo-

100 1500 181 1522 nem
205 1494 239 1522 et
261 1487 437 1530 Niniven‚
473 1487 870 1536 Sardanapalum.
923 1490 992 1524 Hic
1014 1492 1090 1523 sor-

98 1538 201 1573 tassis
223 1545 256 1572 et
270 1546 414 1583 propter
428 1539 516 1573 vicia
527 1566 536 1581 ‚
562 1546 597 1574 et
611 1540 694 1584 quia
711 1541 933 1574 distractioni
943 1553 1088 1574 monar—

98 1586 198 1622 chiae
222 1589 403 1632 proximus
426 1589 514 1631 fuit,
539 1590 735 1624 celebratus
759 1598 821 1626 est.
874 1591 1013 1625 Nomen
1038 1597 1089 1624 est

98 1639 245 1682 plenum
270 1639 502 1682 arrogantiae.
562 1638 653 1674 Cum
679 1641 771 1674 enim
795 1641 920 1675 ruinae
950 1642 1089 1686 impen-

100 1690 206 1727 dent,
241 1689 365 1723 crescit
390 1689 576 1733 superbia,
601 1691 690 1724 sicut
715 1691 862 1725 dicitur:
891 1692 1089 1725 Tolluntur

100 1739 138 1772 in
161 1738 293 1779 altum,
318 1746 357 1772 ut
374 1739 473 1782 lapsu
490 1740 651 1781 graviore
668 1748 784 1774 ruant.
835 1739 947 1783 Sar,
974 1742 1008 1774 id
1027 1747 1089 1782 est,

101 1790 188 1822 dux:
224 1786 352 1829 Dan,
380 1787 508 1822 Iudex:
540 1785 735 1835 Niphil,
758 1788 924 1827 Eversor.

101 1838 271 1884 Gigantes
287 1839 520 1873 nominarunt
537 1851 572 1872 se
588 1837 725 1883 Niphil.

200 1887 316 1924 Aiunt
331 1896 467 1929 autem,
496 1887 591 1923 hunc
605 1889 883 1936 Sardanapalum
901 1891 989 1925 fucis
1007 1892 1088 1936 pin·

98 1939 189 1974 xisse
220 1940 365 1981 faciem,
399 1940 436 1973 in
463 1938 639 1986 Gyneceis
667 1942 793 1975 omissa
821 1943 961 1988 imperii
991 1955 1087 1984 cura,

99 1990 259 2024 obscenis
281 1991 522 2035 voluptatibus
547 1992 705 2025 deditum
728 1993 844 2027 fuisse.
898 1993 1086 2036 Propterea

98 2041 170 2075 duo
201 2040 401 2085 Principes,
450 2040 650 2075 Praefectus
680 2042 920 2089 Babylonicus
963 2040 1088 2077 Phul

100 2087 360 2131 Belochus,
392 2098 427 2125 et
455 2089 659 2126 Arbaces
695 2093 840 2134 Medus,
868 2095 998 2128 bellum
1023 2096 1086 2128 ad-

98 2153 219 2175 versus
240 2154 320 2176 eum
339 2149 540 2177 moverunt.
592 2141 747 2179 Narrant
763 2146 927 2190 quidam,
955 2147 999 2178 ab
1016 2143 1085 2178 Ar-

97 2193 181 2227 bace
206 2191 315 2226 Medo
344 2193 567 2227 intersectum
597 2205 689 2234 esse,
724 2197 782 2228 sed
804 2195 911 2230 Duris
937 2197 1087 2240 scripsit,

979 1791 1039 1826 Sic
1056 1798 1089 1825 et

99 2243 180 2277 eum
201 2242 343 2278 incensa
363 2244 456 2287 regia
473 2243 689 2290 Babylonica
706 2257 779 2280 sese
796 2253 829 2280 et
845 2247 1027 2285 mulieres,
1052 2254 1086 2281 et
1110 2259 1112 2282 ε

99 2293 270 2338 reliquam
295 2294 454 2336 turbam,
480 2307 570 2339 quae
591 2296 640 2328 ibi
668 2296 754 2338 suit,
780 2298 945 2331 incendio
965 2298 1086 2342 perdi-

99 2343 202 2379 disse.
254 2341 301 2378 Et
325 2344 468 2390 quidem
493 2346 697 2380 incendium
722 2349 865 2383 durasse
889 2349 963 2382 dies
980 2349 1087 2394 quin-

99 2394 225 2428 decim.

199 2443 269 2478 Ilic
292 2444 402 2479 tristis
425 2446 535 2482 exitus
559 2449 602 2482 ad
626 2448 782 2492 exempla
804 2449 874 2482 irae
892 2449 958 2484 Dei
976 2450 1085 2495 perti-

99 2501 174 2534 net,
201 2496 371 2529 mutantis
397 2495 542 2541 imperia
566 2507 710 2544 propter
727 2499 932 2544 Principum
960 2508 993 2534 et
1019 2513 1085 2544 po-

99 2545 174 2589 puli
195 2545 341 2587 delicta,
379 2553 412 2580 et
434 2547 633 2592 insignibus
658 2551 780 2594 poenis
803 2552 1082 2593 magnitudinem

98 2596 170 2629 irae
191 2597 417 2631 ostendentis.
479 2597 571 2634 Sunt
592 2608 708 2635 autem
731 2603 775 2634 ab
800 2602 894 2635 exitu
918 2600 1084 2636 Abrahae

97 2657 137 2679 ex
159 2643 299 2680 Charan
322 2659 433 2693 usque
453 2649 496 2682 ad
524 2648 753 2697 Sardanapali
783 2652 965 2687 interitum
996 2653 1081 2687 :nini

945 1238 997 1273 Ac
1022 1252 1089 1272 no-
1114 1252 1116 1284 ς,

795 95 824 132 Ι.
873 91 1167 133 CHRONICON
1201 91 1447 131 CARIONIS.

1114 1129 1117 1177 i

1114 1181 1116 1192 ⁴
1141 1183 1318 1227 Regnavit
1341 1195 1454 1218 annos
1478 1186 1609 1219 decem.

2043 80 2050 84 ’
2066 91 2138 127 742

1140 180 1238 213 mille
1261 180 1403 223 triginta
1427 186 1507 214 tres,
1582 176 1634 211 Ac
1659 176 1765 223 periit
1787 174 2048 221 Sardanapalus
2081 187 2137 209 re-

1141 238 1270 274 gnante
1288 232 1324 263 in
1342 230 1469 264 Iudaea
1488 225 1614 264 Θεία.

1242 281 1366 315 Postea
1389 277 1516 313 I’lzul
1536 275 1791 319 Belochus‚
1827 279 1862 312 id
1888 284 1955 319 est,
1981 275 2136 311 Eversor

1141 337 1298 372 vastans,
1332 331 1532 364 Praefectus
1554 330 1811 375 Babylonicus‚
1845 330 1959 363 tenuit
1979 327 2136 373 Babylo-

1140 382 1237 415 niam
1263 389 1295 415 et
1315 381 1489 421 Ninivem
1531 388 1563 414 et
1588 381 1748 423 regnavit
1767 391 1878 412 annos
1901 379 2134 424 quadraginta

1141 440 1232 466 octo.
1286 430 1412 464 Arba
1425 443 1492 464 ces
1516 444 1597 464 vero
1617 431 1744 463 Medus
1766 431 1967 463 dominatus
1987 435 2038 462 est
2055 428 2135 462 Me-

1142 483 1196 515 dis
1228 489 1261 516 et
1283 482 1410 517 Persis.
1471 481 1539 515 Sed
1568 493 1663 514 nunc
1695 487 1836 524 pertexo
1861 481 1984 513 seriem
2008 491 2132 522 regum

1141 532 1368 579 Assyriorum
1420 544 1530 576 usque
1573 533 1617 564 ad
1664 528 1905 563 monarchiam
1946 529 2133 562 Persicam.

1140 582 1230 617 Nam
1253 582 1390 629 Assyrii
1423 583 1588 626 deinceps
1618 582 1737 614 decem
1768 581 1881 614 trIbus
1911 579 2135 619 israelitica,

1141 641 1174 668 et
1197 641 1315 678 postea
1341 634 1473 667 tribum
1495 630 1551 664 [ιι
1563 629 1616 664 da
1643 631 1788 664 adsidue
1813 631 2033 664 adflixerunt.
2092 628 2134 661 In

1141 733 1227 768 chus
1242 735 1402 768 intulisse
1424 734 1555 766 bellum
1576 734 1647 775 regi
1668 731 1858 764 israelitico
1876 728 2080 764 Menahem.

1243 784 1417 818 Successit
1438 784 1527 828 patri
1544 779 1607 815 Plz
1621 780 1668 815 ul
1686 779 1849 822 Assar,
1878 782 1912 814 id
1929 788 1996 820 est,
2021 778 2135 813 Ever-

1141 846 1199 868 sor
1216 833 1399 880 Assyrius,
1423 835 1484 878 qui
1510 834 1544 865 in
1572 834 1664 865 libro
1682 832 1714 866 4.
1730 832 1867 874 Regum
1893 844 1966 875 cap.
1987 829 2043 864 15.
2068 842 2134 863 no·

1140 885 1296 919 minatur
1329 883 1496 929 Tiglat
1530 880 1673 916 Phila
1685 894 1808 915 ssar:
1851 882 1923 914 sive
1958 894 1976 914 a
2012 882 2134 914 tradu-

1141 936 1256 968 ctione
1274 935 1509 967 Israilitarum
1537 934 1571 965 in
1595 934 1758 974 exilium,
1786 933 1857 965 sive
1875 933 1918 965 ab
1942 932 2014 975 ipsa
2033 930 2135 964 Gali-

1114 983 1116 994 *
1141 986 1212 1026 lea,
1241 986 1322 1029 quia
1347 982 1404 1017 hic
1430 985 1565 1027 primus
1589 983 1726 1015 Galilea
1751 983 1883 1026 potitus
1908 989 1976 1019 est,
2011 989 2042 1014 et
2069 981 2135 1013 tri-

1115 1040 1116 1055 l
1141 1036 1225 1068 bum
1236 1032 1401 1078 Nephtali
1419 1034 1564 1067 abduxit
1583 1033 1617 1065 in
1631 1033 1823 1078 Assyriam.

1876 1031 2053 1075 Regnavit
2070 1043 2134 1063 an-

1141 1097 1205 1118 nos
1222 1091 1291 1117 tres
1315 1091 1348 1117 et
1362 1084 1500 1126 viginti.

1243 1132 1272 1167 S
1283 1147 1305 1166 ιι
1318 1133 1372 1166 lm
1384 1146 1405 1166 (ι
1418 1146 1440 1166 n
1452 1146 1474 1166 a
1486 1145 1531 1166 55
1541 1146 1563 1165 ιι
1575 1146 1609 1174 r,
1638 1133 1671 1166 id
1692 1139 1739 1166 est
1749 1160 1758 1173 ‚
1785 1133 1947 1176 pacificus
1960 1130 2134 1176 Assyrius.

1663 1182 1771 1217 Anno
1796 1184 1920 1228 quinto
1939 1182 2135 1216 Samariam

1141 1235 1326 1268 obsidione
1343 1235 1460 1270 cinxit.
1513 1234 1674 1279 Cumque
1693 1235 1729 1266 in
1753 1241 1825 1267 tota
1848 1234 1990 1276 regione
2016 1234 2135 1265 decem

1114 1293 1116 1304 *
1140 1286 1298 1318 tribuum
1325 1286 1455 1329 oppida
1481 1286 1607 1328 passim
1633 1285 1835 1323 delevisset,
1876 1284 2045 1316 maiorem
2071 1295 2134 1326 po-

1141 1336 1217 1380 puli
1233 1342 1367 1379 partem
1386 1335 1533 1368 abduxit
1550 1336 1586 1367 in
1605 1335 1761 1369 exilium.

1245 1385 1286 1418 ln
1313 1387 1425 1429 capite
1442 1386 1577 1418 decimo
1597 1384 1733 1418 Iloseae
1750 1385 1786 1418 fit
1805 1384 1938 1417 mentio
1957 1382 2062 1416 huius
2078 1395 2134 1415 re-

1140 1436 1191 1478 gis
1207 1433 1423 1476 Salman,
1450 1436 1511 1469 ubi
1532 1436 1678 1469 dicitur:
1707 1435 1806 1468 Sicut
1824 1435 1970 1467 vastavit
1988 1434 2134 1467 Salman

1140 1487 1287 1518 domum
1310 1484 1443 1519 Arbela
1468 1487 1505 1518 in
1529 1487 1587 1518 die
1609 1486 1732 1529 prelii,
1770 1491 1882 1517 matre
1913 1496 2019 1528 super
2043 1484 2135 1516 filios

1140 1537 1256 1569 allisa:
1291 1536 1339 1569 sic
1368 1536 1472 1569 faciet
1494 1536 1595 1569 vobis
1620 1533 1764 1573 11011101,
1794 1541 1936 1578 propter
1957 1534 2135 1567 maliciam

1139 1586 1310 1620 scelerum
1329 1593 1537 1620 vestrorum.
1582 1585 1653 1619 Ubi
1674 1586 1804 1619 latinus
1820 1586 1992 1628 interpres
2008 1584 2133 1617 lectio-

1139 1649 1220 1669 nem
1238 1638 1354 1680 inepte
1370 1637 1548 1680 corrupit,
1577 1648 1656 1669 cum
1673 1633 1758 1669 baec
1782 1636 1825 1668 sit
1848 1636 1966 1668 nativa
1992 1641 2135 1668 senten-

1139 1687 1204 1720 tia:
1239 1686 1371 1729 Regem
1390 1687 1534 1719 Salinan
1559 1687 1757 1719 deleturum
1782 1697 1855 1719 esse
1876 1685 2055 1719 Samariae
2078 1697 2135 1718 re-

1138 1748 1267 1780 gnum,
1294 1737 1383 1769 sicut
1403 1737 1527 1770 evertit
1559 1737 1684 1769 urbem
1703 1734 1844 1769 Arbela.

1241 1785 1347 1831 Apud
1364 1786 1606 1820 Ptolemaeum
1629 1798 1759 1819 nomen
1784 1793 1833 1819 est
1857 1785 1947 1828 regis
1973 1782 2134 1819 Nabo-

1139 1848 1281 1869 nassa
1294 1849 1330 1878 r,
1364 1849 1383 1870 a
1412 1850 1482 1881 quo
1509 1843 1670 1870 numerat
1697 1838 1741 1870 ad
1766 1836 1960 1871 Alexandri
1983 1844 2134 1871 mortem

1138 1899 1249 1921 annos
1266 1888 1542 1932 quadringentos
1558 1887 1684 1929 viginti
1709 1894 1873 1931 quatuor.
1931 1885 2038 1920 Hunc
2060 1898 2134 1920 esse

1137 1938 1433 1972 Salmanassarem
1452 1949 1626 1970 annorum
1644 1949 1812 1970 numerus
1835 1936 2002 1971 ostendit.
2055 1936 2132 1970 No-

1137 2000 1217 2021 men
1234 1995 1349 2021 autem
1367 1985 1460 2022 Neb
1472 1999 1492 2019 o
1508 1987 1678 2030 significat
1692 1987 1865 2026 divinum,
1893 1986 1975 2030 quia
1994 1986 2131 2020 idolum

1136 2040 1202 2072 suit
1226 2039 1300 2072 eius
1322 2039 1495 2078 nominis,
1529 2050 1547 2070 a
1572 2037 1797 2070 vaticinando
1825 2037 1873 2069 sic
1900 2036 2053 2075 dictum,
2093 2044 2133 2072 ut

1137 2090 1264 2123 Graeci
1283 2087 1448 2135 Pythium
1469 2088 1713 2124 nominarunt.
1749 2087 1990 2125 Nebonassar,
2020 2087 2053 2121 id
2070 2095 2132 2128 est,

1136 2142 1278 2174 divinus
1297 2140 1472 2185 Assyrius.

1238 2187 1449 2224 Sennach
1462 2188 1561 2223 erih
1587 2188 1678 2221 silius
1694 2187 1985 2229 Salmanassaris,
2010 2188 2046 2222 id
2065 2196 2130 2230 est,

1135 2243 1253 2287 biceps
1282 2242 1438 2285 gladius,
1480 2240 1638 2283 regnavit
1661 2250 1773 2272 annos
1801 2245 1952 2282 septem,
1993 2239 2054 2284 qui
2088 2246 2129 2273 ut

1137 2294 1333 2327 imitaretur
1356 2300 1509 2336 patrem,
1552 2290 1724 2334 reliquam
1749 2296 1884 2332 partem
1915 2290 2039 2333 populi
2062 2289 2131 2324 Dei

1135 2346 1252 2378 delere
1276 2350 1422 2378 conatus
1445 2349 1512 2380 est,
1538 2340 1644 2373 cinxit
1662 2339 1848 2372 obsidione
1866 2337 2130 2386 lerosolymam,

1134 2397 1196 2429 nbi
1215 2407 1293 2429 cum
1309 2395 1407 2428 Deus
1422 2393 1465 2426 ab
1483 2390 1585 2425 Esaia
1604 2397 1637 2423 et
1654 2387 1804 2423 Ezecbia
1824 2390 2008 2424 invocatus
2032 2397 2130 2432 esset,

1135 2445 1263 2490 Angeli
1305 2445 1401 2477 missi
1444 2442 1668 2476 trucidarunt
1706 2440 1896 2474 exercitum
1930 2439 2130 2486 Assyrium.

1133 2496 1209 2532 Rex
1227 2496 1364 2538 fugiens
1387 2506 1466 2528 cnm
1490 2492 1649 2525 rediisset
1674 2491 1710 2523 in
1727 2490 1901 2529 Niniven,
1935 2491 1973 2523 in
1996 2492 2128 2535 templo

1133 2561 1152 2582 a
1178 2549 1258 2580 siliis
1282 2546 1484 2579 interfectus
1510 2549 1571 2578 est.
1636 2541 1772 2575 Harum
1798 2553 1916 2575 rerum
1942 2542 2034 2575 sama
2057 2549 2127 2575 tam

1133 2598 1279 2633 celebris
1302 2597 1386 2637 fuit,
1417 2602 1455 2629 ut
1480 2595 1542 2629 lib.
1560 2594 1610 2628 Q:
1645 2591 1819 2626 Herodoti
1843 2604 1963 2625 earum
1991 2592 2125 2624 mentio

1132 2653 1208 2692 fiat,
1241 2659 1444 2694 quanquam
1471 2657 1544 2680 non
1565 2643 1758 2679 recitantur
1782 2644 1927 2686 integre.
1987 2641 2126 2675 Nomen
