2324 2955
201 129 269 162 111
825 121 983 159 DECL.
1025 122 1100 159 DE
1133 123 1464 162 FERMENTO
1500 136 1581 161 arc.
2131 130 2202 164 112

198 213 341 260 quidem
370 211 529 256 scriptori
555 211 670 252 ignota
694 215 791 248 sunt,
825 209 885 241 sed
910 216 948 242 ut
974 209 1028 242 sni
1053 207 1177 244 theatri

198 265 341 300 nlausus
372 267 562 300 mereatur,
597 259 721 303 repetit
747 259 956 293 cantilenam
982 259 1181 294 Monacho-

198 327 296 354 rum,
322 324 380 345 seu
397 310 610 355 Cynicorum
631 310 756 354 potius.
810 309 977 343 Nominat
997 311 1179 354 perfectio-

198 377 279 398 nem
306 362 392 394 illud
418 360 587 403 Diogenis
611 360 744 393 dolium
770 368 803 394 et
829 362 1089 394 mendicitatem
1115 374 1181 405 pu·-

199 420 362 458 gnantem
387 424 465 444 cum
490 411 602 443 civilis
626 411 717 444 vitae
741 412 857 443 nervis
886 419 914 443 et
943 409 1179 455 pulcherrimo

198 464 322 497 ordine
341 463 424 504 legis
440 462 596 502 divinae,
621 473 709 506 quae
724 462 985 495 distinctionem
1003 462 1181 495 dominio-

198 527 277 548 rum
302 512 557 557 sapientissime
582 513 704 546 sanxit.
765 512 904 546 Scilicet
929 511 1011 545 huic
1037 513 1182 555 praesti-

198 565 323 609 giatori
349 575 420 596 non
444 569 525 596 sunt
547 563 691 607 perfecti
713 561 913 603 Abraham,
939 561 1083 606 loseph,
1106 564 1182 597 Da-

197 617 276 656 vid,
311 611 492 658 losaphat,
518 611 702 654 Ezechias,
730 614 789 658 qui
813 613 955 646 divitias
979 621 1012 646 et
1035 613 1180 658 imperia

199 679 277 700 cum
299 670 477 703 tenerent,
511 670 601 696 recte
624 664 876 697 invocaverunt
900 663 1035 704 Deum,
1065 672 1099 698 et
1122 677 1182 698 cu-

199 717 312 750 stodes
331 715 510 747 doctrinae
527 715 690 755 suerunt,
719 722 750 748 et
767 715 1025 747 invocationem
1041 715 1078 746 in
1095 728 1182 760 quo-

198 766 342 801 tidianis
367 766 458 798 vitae
482 765 646 809 periculis
672 772 915 805 exercuerunt3
950 765 1082 798 interea
1103 779 1183 811 per—

197 819 325 851 fectum
343 816 502 848 nominat
512 814 683 860 Cynicum
701 817 820 855 illum,
847 816 987 855 scilicet,
1015 816 1074 860 qui
1092 818 1184 850 inter

199 874 352 901 caeteros
380 863 615 908 Philosopbos
645 879 662 898 a
693 865 873 899 Demetrio
903 864 1109 901 Phalerensi
1140 869 1182 900 ad

198 917 401 951 convivium
426 923 586 953 vocatus,
615 929 693 949 cum
719 917 749 948 ei
774 917 894 959 lagena
916 917 1017 960 plena
1036 928 1183 959 genero-

198 967 327 1001 sissimi
358 966 433 998 vini
464 967 642 1010 proposita
675 973 780 1005 esset,
820 974 993 1011 arreptam
1024 968 1182 1012 lagenam

198 1017 345 1062 impegit
359 1017 654 1059 capitiDemetrii,
678 1018 861 1062 inquiens,
895 1017 972 1050 Non
991 1030 1183 1062 congruere

196 1068 330 1114 Cynico
350 1068 504 1102 delicias.
559 1067 657 1101 Talis
681 1075 730 1102 est
748 1068 848 1101 istius
863 1066 986 1113 Cynici
1006 1070 1184 1112 persectiO,

199 1131 279 1152 nam
299 1126 331 1152 et
346 1118 494 1161 scriptor
512 1118 571 1151 ille
588 1131 717 1152 nomen
733 1131 752 1152 a
769 1118 864 1151 Cane
879 1116 995 1153 babet.

299 1168 512 1202 Brevissime
540 1169 613 1201 dixi
642 1170 685 1202 de
715 1169 868 1203 tenebris
899 1171 936 1202 in
962 1168 1184 1217 ἡγελιιονικῷ.

197 1220 271 1254 Iam
301 1219 415 1264 qualis
438 1220 597 1252 confusio
621 1220 667 1253 sit
688 1220 945 1264 adpetitionum
970 1221 1007 1252 in
1031 1221 1185 1266 θυμικῷ

198 1278 232 1305 et
257 1270 532 1314 ἕπιθιψηῑικῷ,
559 1277 658 1303 vetus
683 1271 817 1313 pictura
838 1269 997 1304 Platonis
1018 1273 1183 1305 ostendit.

197 1320 269 1363 Qui
296 1321 344 1353 ait
367 1318 546 1352 hominem
570 1320 707 1364 Scyllae
729 1321 877 1352 similem
896 1332 988 1360 esse,
1015 1323 1114 1354 cuius
1130 1322 1186 1353 in-

197 1371 306 1404 ferior
334 1381 412 1413 pars
437 1369 564 1412 partim
596 1370 753 1409 leonem,
787 1369 916 1411 partim
942 1380 1044 1402 canes
1068 1370 1185 1404 refert.

199 1421 239 1454 In
268 1426 455 1464 conspectu
479 1426 561 1452 sunt
583 1419 802 1452 tristissimae
828 1419 1041 1453 calamitates
1066 1421 1186 1464 publi-

197 1483 274 1512 cae,
309 1483 397 1516 quae
425 1470 591 1503 oriuntur
622 1470 665 1503 ab
696 1469 739 1502 iis
766 1468 882 1509 viciis,
915 1470 958 1502 de
981 1471 1109 1515 quibus
1131 1470 1186 1503 di-

197 1530 291 1557 ctum
309 1529 375 1555 est:

352 1573 430 1605 Nam
444 1580 555 1603 caetera
570 1584 669 1612 regna.

302 1625 454 1656 Luxuries
470 1627 555 1654 viciis
572 1625 708 1664 odiisque
725 1625 862 1663 superbia
879 1626 978 1652 vertit.

198 1675 294 1709 Haec
333 1685 404 1706 esse
438 1673 475 1705 in
511 1672 665 1717 θυμικῴ
697 1678 730 1705 et
763 1671 1039 1715 ἐπιθιῃιητικῷ,
1071 1669 1187 1702 mani-

197 1726 324 1759 festum
352 1730 418 1764 cst,
446 1729 478 1756 et
501 1723 707 1765 magnitudo
728 1722 951 1766 publicarum
977 1728 1010 1754 et
1033 1720 1187 1765 privata-

199 1788 279 1810 rum
301 1775 538 1807 calamitatum
562 1773 714 1807 ostendit
738 1773 774 1805 in
801 1772 962 1816 plurimis
983 1769 1188 1804 bominibus

202 1827 264 1859 illa
290 1825 379 1857 vicia
403 1824 597 1864 dominari,
625 1831 657 1857 et
675 1835 755 1856 vere
772 1823 996 1868 tyrannidem
1018 1833 1188 1854 exercere.

200 1875 382 1910 Adversus
405 1873 490 1908 haec
512 1875 666 1917 ingentia
690 1874 782 1906 mala
806 1874 842 1905 in
862 1871 914 1906 his
931 1874 1044 1906 tribus
1063 1870 1188 1905 buma-

201 1939 265 1960 nae
290 1933 435 1959 naturae
461 1925 638 1969 partibus,
673 1931 846 1957 monstrat
868 1924 959 1957 filius
981 1922 1047 1957 Dei
1076 1921 1189 1961 ἀλεξι-

201 1974 422 2023 φάρμακον,
459 1987 531 2008 non
556 1976 652 2020 moly
677 1974 928 2015 Homericum,
957 1975 1014 2007 sed
1036 1975 1189 2007 fermen-

200 2035 294 2068 tum,
328 2028 422 2071 quod
454 2027 527 2069 ipse
559 2026 676 2059 attulit
697 2023 872 2058 Ecclesiae
904 2025 1043 2058 sonanti
1068 2036 1188 2058 vocem

200 2077 398 2120 Evangelii.
458 2076 547 2119 Quis
576 2076 749 2109 existimet
779 2082 895 2109 autem
926 2083 1058 2109 tantam
1085 2073 1190 2108 huius

202 2128 366 2162 fermenti
384 2127 455 2160 vim
473 2139 564 2167 esse,
588 2133 627 2160 ut
651 2133 722 2159 tam
738 2138 856 2159 saevas
878 2133 990 2169 pestes
1013 2126 1189 2170 depellere

201 2179 331 2223 possit,
357 2178 518 2212 tenebras
541 2177 578 2210 in
601 2184 739 2217 mente,
766 2177 928 2209 incendia
948 2177 1121 2210 malorum
1139 2178 1190 2210 af-

202 2231 356 2262 fectuum
372 2229 409 2261 in
429 2229 553 2268 corde,
579 2228 807 2268 ambitiones,
835 2227 934 2265 odia,
963 2228 1188 2271 cupiditatem

204 2279 400 2319 vindictae,
428 2286 583 2312 errantes
606 2290 763 2319 amores,
791 2285 824 2311 et
841 2278 1072 2310 obscenarum
1089 2279 1191 2311 volu-

203 2337 339 2375 ptatum
364 2329 592 2372 cupiditates,
628 2329 699 2362 imo
722 2329 847 2367 etiam,
876 2335 912 2362 ut
936 2330 1110 2372 depellere
1134 2330 1191 2361 in—

205 2381 371 2414 sidiantes
393 2380 553 2412 diabolos
578 2380 696 2424 possit.
765 2378 945 2413 Adversus
971 2386 1107 2413 tantum
1131 2392 1191 2413 cu-

203 2431 339 2464 mulum
361 2430 534 2463 malorum
547 2457 556 2470 ,
583 2430 666 2474 quid
686 2430 836 2474 opponis
855 2431 1012 2473 exiguam
1029 2431 1191 2463 fermenti

205 2493 372 2519 massam,
401 2482 495 2525 quod
514 2481 659 2524 perinde
679 2481 837 2520 videtur,
865 2493 903 2514 ac
921 2481 949 2513 si
968 2481 1053 2513 velis
1072 2482 1191 2513 omnia

205 2531 352 2576 Alpium
368 2532 446 2574 iuga
464 2531 573 2573 digito
593 2538 650 2564 aut
670 2532 784 2573 fragili
803 2532 977 2565 arundine
994 2532 1192 2565 transferre.

205 2582 274 2617 Sed
292 2582 441 2615 sciamus
458 2583 572 2626 ipsum
591 2581 701 2614 filium
715 2582 779 2615 Dei
799 2583 918 2615 adesse
936 2580 1018 2615 huic
1037 2583 1191 2615 fermen-

205 2640 262 2674 to,
295 2645 358 2666 nec
390 2644 461 2665 esse
494 2632 633 2665 inanem
666 2633 820 2667 sonitum
851 2646 971 2666 vocem
997 2631 1192 2676 Evangelii,

205 2685 262 2717 sed
288 2696 408 2717 revera
432 2695 503 2717 esse
524 2683 716 2728 potentiam
740 2683 823 2725 Dei,
850 2692 889 2719 ut
912 2683 1041 2718 Paulus
1068 2683 1193 2729 inquit,

1225 2127 1298 2169 ‘nis
1328 2127 1429 2160 labor
1452 2133 1565 2160 vester
1588 2129 1624 2160 in
1653 2127 1822 2161 Domino.

1231 223 1298 256 qua
1322 223 1394 244 non
1418 210 1532 244 solum
1556 212 1616 246 illa
1641 213 1731 246 mala
1753 213 1997 257 depelluntur,
2023 214 2080 246 sed
2106 214 2208 247 etiam

1231 262 1343 305 reipsa
1368 262 1404 293 in
1425 261 1527 294 nobis
1542 263 1785 303 restituuntur,
1809 264 1890 305 vita,
1913 263 2091 307 sapientia,
2111 264 2214 298 iusti-

1232 313 1282 345 cia
1308 319 1340 345 et
1357 311 1492 344 laeticia
1509 319 1662 347 aeterna.
1717 314 1890 348 illucescit
1907 312 2115 361 ἡγεμονικῷ
2132 326 2212 347 vera

1232 362 1297 396 Dei
1329 362 1478 403 noticia,
1520 375 1597 395 cum
1631 364 1749 397 audita
1780 377 1862 398 voce
1895 363 2080 410 Evangelii
2109 362 2215 411 λόγος

1232 413 1362 446 aeterni
1402 413 1531 456 patris,
1574 413 1647 457 ipse
1685 414 1900 449 voluntatem
1938 415 2069 448 aeterni
2108 415 2216 459 patris

1233 463 1401 502 ostendit,
1429 470 1461 496 et
1481 464 1546 496 tibi
1567 465 1674 498 vitam
1696 465 1824 499 reddit.
1876 465 1943 499 Hic
1959 466 2061 498 etiam
2081 465 2216 509 Spiritu

1232 526 1295 547 suo
1322 513 1492 546 laeticiam
1516 514 1552 546 in
1576 516 1680 548 corde
1703 515 1862 548 accendit
1883 517 2155 561 acquiescentem
2180 516 2215 547 in

1233 564 1327 605 Deo,
1354 576 1442 609 quae
1467 565 1616 609 impellit
1633 572 1672 599 ut
1692 567 1832 599 accedas
1853 566 1894 598 ad
1910 564 2040 606 Deum,
2066 574 2098 600 et
2115 567 2218 599 invo-

1235 627 1311 648 care
1338 615 1441 647 ausis.
1495 614 1571 648 Hae
1596 628 1708 649 novae
1731 617 1892 649 flammae
1916 616 1952 648 in
1977 617 2080 649 corde
2105 617 2216 660 repri-

1235 673 1336 698 munt
1369 672 1523 698 errantes
1557 667 1718 710 impetus.
1783 666 1832 700 lta
1862 679 1934 700 non
1966 674 2101 700 tantum
2132 667 2218 699 foris

1235 716 1429 760 aspergitur
1455 716 1686 760 fermentum,
1714 719 1772 750 sed
1797 724 1954 761 penetrat
1979 729 2101 749 omnes
2118 717 2220 757 vires,

1236 767 1323 800 sicut
1341 765 1456 799 Ebrea
1472 768 1705 811 adpellatione
1722 768 1831 811 magis
1848 768 2030 812 perspicue
2048 767 2220 810 significa-

1236 824 1309 850 tum
1337 824 1406 857 est,
1433 817 1495 850 ubi
1518 818 1664 852 dicitur:
1700 818 1786 851 Tria
1803 825 1875 851 sata
1899 819 2031 851 farinae
2055 818 2220 861 subigito-

1237 867 1295 901 Fit
1320 865 1404 899 haec
1428 869 1585 902 subactio
1611 869 1648 900 in
1674 866 1729 901 his
1753 869 1968 914 quotidianis
1989 869 2170 902 laboribus
2190 875 2222 901 et

1237 919 1431 957 aerumnis,
1457 919 1586 963 quibus
1604 919 1641 951 in
1655 931 1717 952 suo
1733 920 1880 964 quisque
1897 919 2011 952 officio
2027 925 2084 952 aut
2100 919 2222 952 dolore

1237 981 1309 1001 non
1337 969 1461 1001 leviter
1491 976 1680 1005 exercetur.
1742 969 1865 1003 Fiebat
1896 967 1981 1002 baec
2005 970 2161 1003 subactio
2184 969 2221 1001 in

1236 1018 1389 1059 Davide‚
1423 1031 1501 1052 cum
1522 1032 1561 1053 ex
1581 1032 1688 1063 regno
1714 1021 1842 1053 scelere
1864 1020 1927 1052 filii
1954 1020 2155 1058 eiiceretur,
2191 1026 2223 1052 et

1237 1070 1349 1103 multo
1368 1070 1474 1113 magis
1492 1070 1527 1103 in
1547 1071 1665 1103 animo
1683 1071 1898 1103 cruciaretur
1912 1071 2153 1104 recordatione
2169 1070 2222 1102 sni

1238 1121 1353 1163 lapsus
1368 1121 1574 1164 turpissimi.
1628 1120 1764 1155 Interea
1780 1128 1896 1155 tamen
1915 1121 2130 1154 sustentabat
2145 1132 2223 1154 eum

1238 1169 1344 1217 λόγος
1362 1171 1483 1204 vivens
1500 1173 1672 1205 fermento
1690 1179 1810 1206 tectus.
1855 1171 1923 1205 Hic
1937 1172 2143 1204 immensam
2159 1172 2225 1204 bo-

1238 1221 1381 1254 nitatem
1391 1219 1456 1254 Dei
1474 1229 1506 1255 et
1525 1234 1678 1255 amorem
1695 1222 1757 1254 filii
1774 1233 1852 1265 erga
1871 1234 1935 1255 nos
1953 1222 2226 1259 consideremus,

1239 1283 1486 1314 agnoscamus,
1521 1273 1609 1314 grati
1640 1273 1873 1313 celebremus,
1906 1279 1936 1305 et
1963 1273 2006 1305 de
2031 1271 2226 1316 praesentia

1239 1322 1303 1353 filii
1326 1320 1390 1354 Dei
1414 1322 1451 1353 in
1468 1320 1625 1354 Ecclesia
1649 1323 1897 1364 gubernantis,
1921 1322 2073 1364 regentis
2097 1329 2130 1355 et
2156 1333 2227 1354 ser-

1239 1371 1353 1403 vantis
1378 1382 1469 1410 eam,
1497 1383 1562 1404 nos
1588 1378 1621 1404 et
1645 1372 1731 1404 alios
1751 1378 1841 1403 recte
1861 1372 2065 1410 doceamus,
2092 1378 2131 1405 ut
2148 1382 2227 1404 vera

1240 1420 1417 1452 invocatio
1434 1422 1654 1456 accendatur.
1695 1420 1760 1452 His
1776 1421 2047 1463 cogitationibus
2064 1434 2128 1455 nos
2145 1433 2229 1454 exu-

1240 1470 1420 1510 scitemus,
1453 1471 1547 1514 quod
1580 1483 1658 1503 cum
1682 1471 1866 1511 faciemus,
1901 1472 2014 1505 aderit
2036 1472 2128 1504 filius
2153 1471 2229 1511 Dei,

1240 1527 1272 1553 et
1295 1520 1494 1553 studiorum
1514 1528 1545 1554 et
1564 1521 1654 1554 vitae
1671 1532 1810 1554 cursum
1829 1528 1943 1564 reget,
1972 1522 2075 1555 faciet
2090 1533 2154 1554 nos
2171 1533 2228 1554 or-

1240 1582 1326 1613 gana
1345 1571 1511 1604 salutaria
1527 1571 1630 1604 nobis
1646 1578 1677 1604 et
1693 1569 1879 1605 Ecclesiae.
1930 1571 2010 1614 Quo
2026 1572 2120 1605 bono
2136 1569 2229 1604 nibil

1241 1621 1385 1663 cogitari
1404 1621 1516 1654 maius
1533 1628 1592 1654 aut
1611 1621 1736 1654 melius
1752 1628 1875 1665 potest.
1929 1621 2063 1664 Quanti
2081 1629 2162 1656 sunt
2178 1623 2230 1655 la—

1241 1672 1360 1711 bores,
1395 1679 1525 1716 quanta
1554 1672 1743 1704 certamina
1771 1671 1933 1713 Periclis,
1968 1670 2231 1713 Demosthenis,

1243 1719 1453 1765 Phocionis,
1489 1721 1686 1763 Ciceronis,
1720 1721 1821 1755 Bruti
1857 1729 1889 1755 et
1924 1724 2117 1757 multorum
2142 1724 2230 1756 alio-

1242 1784 1341 1813 rum,
1369 1785 1519 1817 quorum
1545 1773 1690 1806 infoelix
1716 1784 1836 1806 cursus
1861 1773 1927 1807 fuit
1952 1780 1984 1807 et
2011 1774 2095 1818 ipsis
2113 1781 2146 1807 et
2164 1774 2231 1806 im-

1242 1823 1359 1866 periis.
1413 1823 1484 1856 Nos
1501 1822 1575 1856 Deo
1591 1824 1719 1866 gratias
1738 1835 1896 1867 agamus,
1930 1825 2025 1869 quod
2050 1825 2093 1858 ad
2120 1831 2232 1858 aeter-

1243 1885 1307 1906 nae
1323 1872 1500 1907 Ecclesiae
1518 1874 1715 1907 societatem
1734 1881 1764 1907 et
1784 1875 1826 1906 ad
1844 1874 1981 1908 labores
1997 1875 2101 1909 utiles
2117 1875 2231 1908 vocati

1242 1935 1380 1963 sumus,
1417 1931 1449 1957 et
1482 1925 1575 1969 quod
1607 1925 1781 1968 promittit
1804 1923 1899 1958 Deus
1931 1937 1965 1958 se
1995 1927 2230 1970 perfecturum

1243 1986 1335 2016 esse,
1362 1981 1402 2008 ut
1428 1975 1564 2008 labores
1591 1975 1831 2009 invocantium
1858 1988 1935 2008 enm
1961 1976 2032 2010 sint
2053 1977 2233 2015 salutares,

1243 2026 1333 2059 sicut
1356 2026 1523 2069 scriptum
1541 2033 1605 2059 est:
1634 2025 1850 2059 Commenda
1868 2024 1942 2060 Deo
1964 2027 2056 2059 viam
2081 2034 2176 2060 tuam
2201 2032 2234 2059 et

1245 2088 1342 2120 spera
1362 2076 1398 2108 in
1417 2088 1507 2117 eum,
1531 2083 1563 2110 et
1582 2077 1654 2120 ipse
1670 2077 1782 2110 faciet.
1838 2075 1944 2111 Item:
1973 2077 2053 2110 Non
2076 2078 2141 2111 erit
2157 2077 2234 2109 ina-

1875 2127 1928 2160 ΤΘ
1960 2128 2066 2170 igitur
2088 2127 2137 2160 fili
2156 2126 2235 2167 Dei,

1244 2176 1397 2211 Domine
1413 2177 1490 2210 lesu
1508 2176 1666 2219 Christe,
1691 2185 1763 2212 toto
1788 2185 1926 2222 pectore
1943 2190 2004 2211 oro
2018 2205 2026 2219 ,
2053 2185 2092 2211 ut
2110 2176 2233 2211 Eccle-

1244 2229 1310 2261 sias
1326 2226 1450 2261 harum
1466 2229 1649 2271 regionum
1667 2240 1782 2262 serves
1799 2235 1831 2261 et
1848 2229 2018 2271 gubernes
2031 2256 2038 2269 ,
2068 2235 2100 2261 et
2117 2228 2234 2267 facias,

1246 2286 1284 2312 ut
1302 2279 1338 2312 in
1358 2278 1432 2312 Deo
1449 2291 1559 2312 unum
1580 2280 1700 2313 simus.
1754 2278 1847 2313 Dixi.

1246 2471 1466 2504 No.-—-—

1254 2519 1464 2537 Μ

2067 2483 2114 2505 an.
2143 2474 2237 2505 1555.

2060 2518 2230 2531 m

1317 2581 1487 2606 Adhortan‘n
1509 2581 1547 2605 ad
1564 2580 1701 2605 Doctores
1714 2579 1970 2611 Nuri'mbergenses,
1989 2577 2134 2611 incipiens:
2153 2578 2238 2612 „Uti-

1349 2624 1412 2640 nam
1432 2625 1460 2640 ea
1482 2620 1636 2646 temporum
1657 2613 1788 2639 foelicitas
1802 2614 1892 2639 esset'’
1911 2618 1975 2644 ete..
1995 2612 2116 2639 videatur
2135 2613 2162 2638 in
2178 2613 2237 2647 Epi-

1351 2649 1425 2675 stolis
1448 2649 1507 2676 vot,
1523 2648 1594 2674 Vlll.
1615 2657 1639 2681 p.
1659 2648 1716 2674 517.
