2324 2955
198 109 269 145 747

299 191 366 224 llic
383 189 576 230 cogitentur
589 189 742 216 caeterae
759 179 927 213 historiae
947 176 1177 222 comprehen-

201 255 256 277 sae
283 243 320 273 in
344 239 473 276 moise,
509 236 550 267 de
578 230 776 270 Abraham,
810 232 852 263 de
879 228 1057 263 oblatione
1075 228 1179 268 Isaac,

201 295 244 326 (le
265 291 344 323 filiis
362 287 472 323 Isaac,
502 284 605 316 Iacob
626 289 658 315 et
675 281 788 321 Esau,
820 282 864 313 de
888 278 1179 324 peregrinationi·
1205 297 1206 304 κ

199 344 264 374 bus
290 338 391 371 Iacob
419 342 450 368 et
471 335 550 367 filiis
573 334 655 365 eius.

198 392 256 424 illa
268 387 422 421 Ecclesia
439 385 555 423 suerit,
583 394 671 427 quae
690 381 862 420 doctrina,
889 391 977 424 quae
995 389 1180 411 aerumnae

199 447 231 473 et
255 437 493 474 liberationes,
528 445 614 478 quae
641 431 839 465 testimonia
869 429 1085 473 praesentiae
1112 428 1180 462 Dei

392 485 460 518 Ilic
478 484 570 517 enim
589 482 742 516 breviter
764 492 938 514 annorum
963 479 1090 513 seriem
1115 490 1180 511 an·
1206 506 1208 514 ,

197 489 340 523 fuerint.

197 546 371 573 notamus.

298 585 573 629 Diligentissime
591 595 673 616 vero
695 581 937 615 consideretur
961 576 1108 613 historia
1124 577 1182 611 Io-

198 636 301 682 seph,
328 649 390 681 per
411 648 513 681 quem
538 646 683 676 regnum
701 630 933 676 Aegyptium,
960 641 1000 662 eo
1027 636 1181 673 tempore

198 688 497 725 florentissimum,
521 684 748 717 constitutum
765 688 825 722 est,
850 688 882 714 et
899 686 1085 724 propagata
1103 690 1182 712 vera

200 738 358 772 doctrina
378 738 420 770 de
438 735 512 769 Deo
532 735 569 767 in
586 745 710 776 magua
727 730 877 776 Aegypti
893 737 1004 774 parte.

298 785 441 819 Iacob
468 786 533 818 suit
556 795 729 817 annorum
746 781 938 824 nonaginta
953 779 1077 820 unius,
1103 790 1181 812 cum

199 839 230 871 ei
247 849 286 871 ex
302 834 437 870 Rachel
456 842 558 868 natus
575 841 624 867 est
642 833 733 865 filius
749 827 928 878 Ioseph.

300 882 468 931 Ioseph
490 897 582 917 anno
600 884 743 927 septimo
762 882 896 914 decimo
913 881 1033 915 aetatis
1049 891 1130 914 suae
1145 880 1183 912 in

199 936 396 982 Aegyptum
413 936 575 968 venditus
593 941 660 973 est,
688 933 827 964 vivente
848 929 962 964 adhuc
981 931 1093 973 Isaac,
1122 931 1181 974 qui

198 988 235 1019 in
251 986 428 1020 communi
447 985 568 1017 dolore
586 991 617 1016 et
634 984 729 1015 luctu
746 982 830 1021 fuit,
857 993 935 1014 cum
952 982 1023 1013 filio
1043 980 1156 1013 Iacob.

304 1035 399 1068 vixit
415 1041 530 1068 autem
549 1033 642 1066 Isaac
666 1038 743 1076 post
766 1031 949 1064 venditum
967 1028 1094 1073 Ioseph
1119 1041 1183 1061 an-

196 1097 260 1120 nos
277 1085 474 1119 duodecim,

299 1132 427 1178 Ioseph
452 1145 530 1166 cum
553 1139 640 1166 esset
660 1130 800 1174 triginta
822 1140 1016 1169 annorum,
1043 1140 1083 1160 ex
1107 1138 1183 1160 car-

199 1197 276 1220 cere
301 1186 489 1223 liberatur,
521 1190 553 1216 et
576 1181 801 1215 constituitur
824 1179 990 1222 Princeps
1014 1178 1051 1210 in
1074 1189 1181 1220 regno

199 1235 393 1281 Aegyptio,
420 1241 460 1266 ut
477 1245 549 1276 cap.
570 1232 628 1266 41.
648 1231 795 1264 Genesis
810 1230 977 1273 scriptum
995 1235 1056 1261 est.

300 1285 423 1317 Postea
442 1295 519 1316 cum
543 1284 649 1314 fames
673 1287 818 1325 sequuta
844 1286 914 1319 est,
947 1279 1058 1311 forma
1084 1277 1182 1320 regni

198 1334 404 1379 Aegyptiaci
443 1333 629 1365 constituta
668 1338 735 1371 est,
776 1337 809 1363 et
847 1330 980 1363 tributa
1020 1328 1182 1361 ordinata

199 1392 302 1425 sunt,
327 1391 359 1417 et
368 1384 584 1416 sacerdotum
602 1381 747 1423 collegio
764 1379 897 1413 reditus
913 1379 1071 1412 attributi
1091 1384 1183 1418 sunt,

197 1442 237 1468 ut
255 1441 367 1467 essent
384 1433 562 1465 doctrinae
579 1432 751 1464 custodes.
801 1428 878 1463 Etsi
893 1435 1008 1462 autem
1025 1428 1182 1461 doctrina

198 1487 242 1518 de
266 1483 341 1517 Deo
365 1490 443 1526 post
467 1479 591 1525 Ioseph
616 1488 748 1514 mutata
779 1487 845 1520 est,
886 1486 919 1513 et
948 1485 1026 1523 post
1052 1478 1180 1511 exitum

199 1533 437 1568 Israelitarum
457 1544 497 1564 ex
514 1530 691 1575 Aegypto,
716 1537 748 1563 et
772 1541 871 1573 saepe
895 1536 1013 1573 postea
1038 1539 1182 1571 magnae

200 1583 299 1627 regni
322 1582 532 1615 vastationes
555 1582 774 1620 acciderunt,
813 1586 929 1612 tamen
954 1579 1114 1612 doctrina
1141 1579 1183 1610 de

199 1633 355 1667 motibus
373 1631 600 1672 coelestibus,
626 1638 657 1663 et
678 1631 720 1663 de
736 1637 859 1663 natura
876 1641 993 1662 rerum
1016 1635 1183 1672 tempore,

201 1683 383 1728 Assyriae,
410 1681 588 1720 Persicae,
616 1680 769 1713 Graecae
791 1687 824 1712 et
841 1678 1041 1716 Romanae,
1073 1689 1182 1721 usque

201 1734 245 1766 ad
272 1732 469 1765 barbariem
488 1728 781 1768 Mahometicam,
806 1729 877 1760 fere
897 1728 1009 1761 tribus
1026 1727 1182 1760 millibus

202 1794 388 1816 annorum.

305 1831 408 1864 Iacob
438 1831 616 1863 descondit
647 1829 685 1863 in
709 1827 905 1873 Aegyptum
938 1839 1031 1860 anno
1064 1825 1184 1859 aetatis

202 1893 282 1916 suae
300 1881 487 1914 centesimo
504 1879 689 1919 tricesimo,
716 1879 801 1911 vixit
818 1889 927 1910 annos
943 1884 1081 1910 centum
1098 1887 1184 1919 qua-

202 1932 362 1974 draginta
387 1937 527 1974 septem.
589 1929 671 1962 Fuit
693 1929 799 1970 igitur
825 1928 862 1960 in
883 1925 1040 1972 Aegypto
1065 1926 1184 1958 fruens

203 1981 402 2015 dulcissima
421 1979 675 2013 consuetudine
690 1978 754 2010 filii
774 1975 898 2021 Ioseph
927 1988 1036 2009 annos
1054 1982 1184 2019 septem

202 2040 236 2065 et
252 2033 381 2065 decem.
416 2030 467 2063 Ac
484 2030 604 2061 videns
620 2029 800 2061 florentem
817 2028 914 2070 regni
931 2033 1068 2066 statum,
1089 2026 1183 2070 quod

202 2088 285 2115 tune
301 2078 453 2114 babebat
468 2090 582 2121 regem
606 2079 722 2122 pium,
757 2090 835 2110 cum
859 2089 928 2122 quo
951 2088 1051 2120 saepe
1075 2076 1184 2109 collo—

202 2132 394 2176 quebatur,
421 2136 453 2163 et
474 2129 535 2174 qui
556 2129 622 2161 late
639 2128 825 2172 propagari
846 2139 962 2160 veram
988 2126 1184 2159 doctrinam

204 2181 356 2222 curavit,
381 2187 414 2214 et
429 2179 549 2213 multis
573 2178 697 2211 vicinis
721 2178 881 2220 gentibus
907 2177 944 2210 in
967 2177 1056 2210 same
1081 2188 1183 2221 opem
1209 2191 1211 2199 ·

202 2231 294 2265 tulit.

303 2278 430 2324 Ioseph
455 2280 541 2314 vixit
570 2290 680 2313 annos
704 2284 843 2312 centum
869 2283 902 2311 et
924 2278 1053 2311 decem.

1111 2275 1182 2309 Nec

201 2330 284 2362 inde
301 2341 410 2374 usque
428 2342 446 2363 a
457 2327 581 2373 Ioseph
593 2331 636 2362 ad
654 2336 808 2372 tempora
823 2327 1051 2362 certaminum
1063 2325 1183 2366 Moisi,
1207 2355 1208 2372 ζ

202 2380 273 2412 alia
289 2377 431 2412 historia
449 2381 490 2412 de
509 2379 675 2413 Israelitis
701 2380 883 2419 recitatur,
918 2385 1054 2422 praeter
1079 2388 1181 2419 expe-
1206 2387 1208 2393 ¹

203 2429 372 2462 ditionem
388 2430 540 2462 filiorum
550 2427 732 2472 Ephraim,
759 2441 846 2473 quae
863 2435 951 2461 extat
968 2428 1004 2459 in
1024 2428 1053 2460 1.
1065 2425 1180 2460 Paral-

204 2491 277 2523 cap.
288 2478 338 2519 7.‚
360 2479 422 2511 ubi
438 2487 610 2516 narratur,
638 2477 905 2522 filiosEphraim
924 2478 1062 2511 duxisse
1083 2488 1179 2509 exer-

201 2530 309 2563 citum
331 2529 375 2562 ad
400 2530 634 2571 occupandam
658 2529 890 2569 palestinam,
923 2529 1062 2560 vivente
1084 2533 1178 2570 patre

198 2577 388 2623 Ephraim,
414 2579 473 2611 sed
492 2578 687 2611 interfectos
705 2590 784 2611 esse.
828 2578 1111 2612 Consentaneum
1129 2584 1178 2610 est

199 2636 332 2670 autem,
357 2640 435 2667 eOS,
468 2640 544 2662 cum
570 2628 668 2661 initia
692 2629 888 2672 tyrannidis
908 2626 1098 2673 Aegyptiae
1124 2628 1176 2661 vi-

439 100 647 140 semem
675 98 750 132 ΡΠ.
779 93 896 130 MEL.
924 92 990 128 AD
1018 93 1144 130 His‘r.
1172 93 1314 130 paor.
1342 92 1408 126 ET
1436 90 1624 128 PHILOS.
1652 91 1972 129 SPECTANTM.

708 330 754 364 Et
774 330 1031 369 consideretur,
1067 329 1180 373 qualis
1205 359 1207 377 Ξ

2141 94 2216 130 748

1202 187 1206 223 1
1231 179 1372 217 derent,
1399 183 1432 209 et
1454 177 1599 218 scirent,
1624 177 1873 221 promissiones
1897 179 2042 212 divinas·
2057 179 2217 223 patribus

1203 226 1206 251 l
1232 229 1274 259 ‹le
1296 228 1496 270 occupanda
1524 233 1556 259 et
1580 229 1730 260 tenenda
1754 227 1926 260 Palestina
1958 230 2102 262 traditas
2133 240 2218 269 esse,

1205 272 1206 280 ¹
1233 276 1395 310 humanis
1412 276 1567 309 consiliis
1582 278 1733 310 voluisse
1751 284 1908 310 excutere
1927 280 2148 317 servitutem,
2185 286 2219 313 et

1232 327 1381 360 confisos
1405 338 1476 359 esse
1500 326 1670 368 singulari
1696 328 1830 369 generis
1857 329 2089 371 praestantia,
2123 329 2218 372 quod

1205 379 1207 384 ’
1234 385 1345 411 essent
1371 378 1439 409 orti
1463 389 1482 409 a
1510 374 1655 419 loseph,
1691 384 1723 410 et
1746 378 1958 421 amplissima
1988 378 2219 422 promissione

1234 435 1377 460 ornatus
1393 434 1480 460 esset
1497 424 1786 470 patei-Ephraim.
1821 426 1895 460 Hac
1912 429 2036 461 fiducia
2055 426 2220 468 humana,

1234 490 1311 511 cum
1330 478 1404 510 sine
1425 477 1605 509 vocatione
1622 477 1741 509 divina
1767 477 1897 510 bellum
1922 479 2133 517 movissent,
2161 490 2218 511 re-

1207 529 1208 564 l
1235 529 1325 572 pulsi
1343 535 1376 560 et
1393 527 1566 560 interfecti
1590 533 1683 560 sunt.
1738 526 1778 559 Id
1796 528 1994 570 exemplum
2010 535 2148 568 monet,
2174 539 2220 561 ne

1206 571 1209 631 l
1234 577 1389 612 Ecclesia
1411 578 1485 610 sine
1507 577 1687 610 vocatione
1713 577 1832 610 divina
1858 577 1990 610 bellum
2013 584 2152 612 moveat
2174 579 2219 612 ad

1235 629 1436 662 servitutem
1478 639 1665 671 corporum
1708 628 1970 666 excutiendam,
2020 629 2080 661 sed
2123 627 2220 668 sciat,

1207 688 1208 697 ¹
1235 679 1349 712 Deum
1367 679 1469 710 etiam
1495 678 1587 710 inter
1609 677 1739 710 medias
1762 689 1946 711 aerumnas
1969 677 2145 712 servitutis
2166 685 2221 712 ta-

1237 741 1315 762 men
1337 740 1415 761 suas
1431 728 1598 772 reliquias
1614 735 1831 761 servaturum
1849 740 1931 760 esse.

1337 778 1460 812 Postea
1478 785 1676 821 exasperata
1703 785 1754 811 est
1778 778 1936 823 tyrannis
1963 790 2082 821 regum
2103 776 2219 824 Aegy-

1235 829 1387 873 ptiorum
1407 835 1527 862 contra
1546 827 1735 868 Israelitas‚
1762 829 1804 860 de
1824 840 1891 873 qua
1916 829 2049 871 legatur
2074 826 2220 862 historia

1236 881 1273 912 in
1290 878 1426 914 Exodo.
1480 878 1561 911 Ideo
1580 885 1694 911 autem
1713 878 1750 910 in
1767 890 1874 920 regno
1895 879 2161 917 florentissimo,
2187 885 2220 912 et

1238 930 1276 961 in
1309 936 1403 962 tanta
1435 929 1663 961 multitudine
1697 927 1934 961 israelitarum
1976 929 2013 961 in
2048 929 2141 962 exitu
2179 940 2219 961 ex

1236 978 1411 1024 Aegypto,
1438 979 1521 1011 etin
1540 978 1664 1010 vicinis
1679 979 1852 1019 gentibus,
1879 985 1927 1011 tot
1946 979 2096 1012 illustria
2112 978 2219 1012 mira-

1236 1029 1314 1060 cula
1334 1026 1487 1060 exhibita
1504 1034 1603 1066 sunt,
1630 1027 1710 1071 quia
1729 1026 1824 1060 Deus
1848 1029 2038 1061 certissima
2062 1029 2220 1062 testimo-

1236 1078 1293 1109 nia
1319 1078 1360 1109 de
1385 1089 1456 1109 sese
1481 1084 1513 1109 et
1536 1079 1578 1108 de
1599 1088 1660 1109 sua
1685 1077 1778 1118 lege,
1818 1079 1860 1109 de
1885 1078 2134 1120 promissione,
2174 1078 2218 1110 de

1236 1126 1440 1159 collectione
1455 1124 1629 1158 Ecclesiae
1646 1126 1800 1168 conspici
1817 1127 1948 1166 voluit,
1975 1139 2060 1170 quae
2077 1127 2219 1171 quidem

1237 1176 1381 1219 cogitari
1412 1176 1487 1208 vult
1517 1176 1681 1207 omnihus
1713 1176 1902 1213 aetatibus,
1943 1183 1982 1209 ut
2003 1176 2152 1209 assensio
2177 1177 2219 1208 de

1236 1226 1310 1259 Deo
1340 1233 1373 1259 et
1396 1227 1438 1257 ‹le
1459 1231 1529 1258 tota
1546 1223 1720 1258 Ecclesiae
1743 1226 1901 1258 doctrina
1923 1226 1957 1257 in
1975 1227 2076 1259 nobis
2092 1226 2219 1259 confir-

1238 1284 1362 1310 metur.
1415 1276 1482 1309 Sed
1503 1275 1704 1319 priusquam
1721 1277 1764 1307 ad
1783 1287 1857 1308 eam
1876 1274 2060 1309 historiam
2085 1276 2220 1310 accedi-

1238 1339 1331 1367 mus,
1358 1325 1560 1359 brevissime
1577 1326 1619 1358 de
1636 1326 1793 1358 doctrina
1812 1325 1914 1359 lacob
1933 1327 2097 1360 dicamus.

1337 1376 1528 1409 Promissio
1543 1376 1669 1409 tradita
1686 1373 1851 1409 Abrahae
1867 1378 1910 1409 de
1924 1377 2074 1417 semine,
2100 1377 2220 1410 reddi·

1237 1434 1315 1460 turo
1342 1428 1443 1460 nobis
1478 1426 1650 1459 iusticiam
1685 1433 1718 1459 et
1744 1427 1851 1460 vitam
1876 1435 2071 1467 aeternam,
2104 1428 2219 1461 deleto

1238 1484 1376 1521 peccato
1406 1484 1438 1510 et
1463 1477 1592 1509 abolita
1618 1483 1749 1516 morte,
1778 1477 1844 1520 ipsi
1868 1477 2012 1520 repetita
2036 1484 2084 1510 est
2102 1477 2219 1511 Gene-

1237 1528 1282 1560 sis
1298 1528 1357 1560 28.
1408 1525 1453 1560 Et
1468 1525 1557 1558 hanc
1574 1532 1665 1558 recte
1684 1526 1895 1559 intellectam
1912 1538 1983 1560 esse
2004 1528 2046 1560 de
2067 1527 2218 1561 aeternis

1238 1578 1358 1614 bonis,
1395 1584 1427 1610 et
1451 1576 1656 1609 collectione
1678 1583 1837 1609 aeternae
1857 1575 2050 1617 Ecclesiae,
2085 1584 2220 1611 constat

1236 1635 1353 1671 postea
1369 1639 1408 1659 ex
1425 1626 1654 1659 concionibus
1672 1626 1778 1669 ipsius
1791 1625 1903 1664 Iacob,
1921 1634 1960 1659 ut
1979 1639 2056 1659 cum
2075 1627 2218 1670 cap.48.

1238 1678 1368 1720 inquit:
1408 1675 1502 1708 Deus
1532 1676 1716 1708 benedicat
1746 1674 1800 1707 his
1826 1676 1962 1719 pueris,
1997 1683 2028 1709 et
2051 1676 2220 1720 Angelus,

1237 1728 1299 1771 qui
1314 1726 1443 1768 eripuit
1459 1737 1512 1757 nie
1530 1726 1572 1755 (le
1589 1726 1722 1758 cunctis
1739 1726 1849 1758 malis.
1898 1725 1966 1758 llic
1981 1733 2013 1759 et
2023 1725 2136 1759 Deum
2153 1739 2220 1759 no-

1238 1777 1366 1816 minat,
1391 1786 1423 1808 et
1441 1775 1601 1807 nominat
1617 1772 1790 1816 Angelum
1803 1801 1811 1814 ‚
1838 1774 2000 1809 videlicet
2016 1776 2126 1808 filium
2141 1775 2219 1817 Dei,

1237 1823 1365 1872 λόγον,
1394 1825 1537 1857 missum
1556 1825 1599 1856 ad
1621 1830 1751 1867 patres,
1779 1831 1811 1857 et
1835 1822 1928 1857 hunc
1954 1826 2122 1867 affirmat,
2146 1839 2218 1859 non

1238 1887 1309 1909 esse
1325 1882 1535 1908 creaturam:
1571 1874 1651 1918 quia
1670 1874 1774 1915 dicit,
1801 1886 1836 1907 se
1851 1887 1910 1918 per
1934 1873 2027 1909 hunc
2043 1876 2219 1919 Angelum

1238 1939 1254 1959 a
1274 1926 1407 1959 cunctis
1423 1925 1533 1965 malis,
1560 1937 1577 1956 a
1594 1925 1742 1967 peccatis
1758 1931 1790 1958 et
1807 1933 1917 1958 morte
1935 1925 2119 1960 liberatum
2136 1938 2219 1963 esse.

1238 1976 1331 2009 Haec
1351 1983 1483 2009 vetusta
1501 1975 1699 2008 testimonia
1718 1976 1760 2007 de
1782 1974 1855 2008 filio
1870 1974 1935 2008 Dei
1960 1988 2060 2020 saepe
2087 1977 2219 2020 cogite-

1237 2038 1332 2066 muS,
1359 2033 1397 2059 ut
1420 2026 1586 2064 sciamus,
1613 2036 1693 2057 vere
1717 2025 1830 2058 filium
1854 2037 1926 2058 esse
1951 2023 2216 2072 ὑφιστάμενον,

1238 2077 1339 2110 etiam
1357 2083 1435 2109 ante
1451 2084 1662 2118 assumptam
1678 2072 1868 2108 humanam
1886 2083 2058 2116 naturam,
2080 2084 2112 2110 et
2128 2089 2219 2110 sem-

1237 2139 1298 2170 per
1328 2126 1477 2159 adfuisse
1500 2123 1693 2163 Ecclesiae,
1733 2126 1820 2160 sicut
1854 2132 1886 2159 et
1913 2125 2055 2161 Ireneus
2086 2127 2216 2171 inquit:

1237 2179 1382 2221 Semper
1399 2176 1508 2209 adsuit
1526 2176 1644 2218 generi
1663 2173 1816 2208 humano
1831 2175 2019 2211 ΛΟΓΟΣ
2074 2175 2123 2209 Ita
2147 2177 2217 2210 sint

1237 2234 1356 2260 nostra
1376 2224 1539 2260 chronica
1559 2225 1784 2259 Narrationes
1802 2238 1874 2259 non
1899 2233 2032 2259 tantum
2058 2227 2101 2259 de
2122 2228 2216 2269 regi-

1236 2279 1300 2311 bus
1316 2277 1483 2322 politicis,
1513 2277 1572 2309 sed
1593 2276 1703 2309 multo
1727 2276 1834 2319 magis
1860 2277 1902 2308 de
1924 2273 1989 2308 hoc
2012 2288 2109 2319 rege,
2142 2277 2215 2310 filio

1234 2326 1318 2368 Dei,
1358 2334 1392 2361 et
1416 2328 1459 2359 de
1484 2327 1557 2359 eius
1580 2327 1774 2369 praesentia
1797 2327 1833 2358 in
1857 2325 2021 2359 omnibus
2043 2327 2215 2360 mirandis

1234 2378 1400 2422 operibus
1420 2377 1456 2409 iu
1475 2375 1640 2411 Ecclesia.

1334 2427 1507 2460 Praedicit
1525 2427 1627 2460 etiam
1640 2425 1742 2459 Iacob
1759 2431 1894 2469 tempus
1911 2426 2080 2461 adventus
2091 2425 2212 2460 Salva-

1204 2480 1206 2519 j
1232 2477 1328 2511 toris.
1387 2475 1432 2511 Et
1457 2477 1617 2510 nominat
1640 2487 1717 2509 eum
1741 2472 1859 2515 Siloh,
1895 2482 1933 2508 ut
1956 2475 2143 2518 significet,
2178 2489 2213 2509 se

1232 2529 1401 2572 respicere
1416 2529 1460 2561 ad
1478 2527 1625 2572 primam
1650 2525 1934 2567 promissionem,
1967 2526 2004 2558 in
2028 2537 2095 2571 qua
2121 2527 2213 2559 dici-

1231 2585 1302 2610 tur:
1346 2578 1473 2611 Semen
1511 2573 1673 2608 mulieris
1706 2581 1862 2608 conteret
1892 2582 1995 2618 caput
2026 2577 2211 2620 serpentis.

1229 2626 1318 2662 Nam
1335 2627 1542 2673 etymologia
1563 2620 1702 2658 Siloh
1726 2631 1792 2660 est:
1825 2621 1955 2673 χόριον
1977 2623 2097 2672 αὐτῆς.
2149 2625 2209 2662 Sic
