2324 2955
161 116 235 156 595

922 112 1411 150 DISPUTATlO-NES

2112 117 2186 155 596

267 197 609 244 57.L'1Prophetae
628 205 659 232 et
675 197 805 232 Paulus
823 198 1178 234 nominantExclu-
1176 205 1179 220 ¹
1176 198 1470 241 Exuhusiastae,
1497 197 1678 234 Pharisaei
1705 201 1936 235 condendunt
1960 203 2187 248 disciplinam

168 255 278 288 sivam
305 253 428 295 gratis,
457 251 503 283 ita
529 251 566 282 in
586 247 751 283 Ecclesiis
778 250 906 283 nostris
931 251 1061 284 dicitur
1077 252 1149 284 sola
1176 254 1178 259 '

170 306 234 338 fide
252 303 388 336 iustific·
390 313 492 341 imur,
510 302 544 333 id
566 308 615 334 est
633 307 775 344 propter
791 301 896 334 medi
898 309 1019 334 itorem
1036 299 1150 335 Deum

169 362 201 388 et
227 352 426 392 hominem,
453 353 538 392 fide,
566 352 674 395 gratis
698 363 772 384 non
795 358 939 396 propter
964 352 1074 394 legem
1092 359 1151 386 aut

168 405 238 439 ulla
257 410 374 436 nostra
395 415 500 446 opera
519 410 577 436 aut
597 402 717 435 merita
730 427 739 440 ,
767 402 957 446 accipimus
975 403 1152 436 remissio·

169 467 247 488 nem
276 461 496 498 peccatorum
522 461 554 487 et
581 453 904 486 reconciliationem
923 465 982 486 seu
1000 454 1151 497 imputa-

166 506 299 539 tionem
325 505 499 545 iusticiae,
533 504 833 547 regenerationem
860 516 920 547 per
946 505 1092 538 verbum
1118 511 1149 538 et

167 556 339 600 Spiritum
360 562 533 592 sanctum,
554 562 586 588 et
606 552 857 588 haereditatem
876 555 967 588 vitae
982 563 1151 589 aeternae.

270 606 327 641 38.
373 605 467 639 Haec
494 613 540 639 est
575 606 758 649 promissio
781 604 966 649 Evangelii
999 606 1152 650 propria,

168 669 273 703 quam
302 657 377 690 vult
394 656 488 690 Deus
516 657 551 689 in
569 655 724 690 Ecclesia
745 668 888 693 sonare,
916 664 948 690 et
966 669 1033 701 qua
1051 657 1152 690 colli·
1176 671 1177 677 ¹

165 709 215 752 git
232 706 436 748 Ecclesiam,
464 715 497 741 et
515 707 682 741 discernit
700 720 774 740 eam
794 719 812 739 a
829 708 974 740 caeteris
996 706 1151 740 homini-

167 761 243 792 bus.
296 758 376 792 Etsi
394 765 509 791 aulem
528 758 563 790 in
583 765 656 791 toto
677 770 802 801 genere
821 755 976 791 humano
996 756 1152 791 horribi-

167 810 247 843 liter
264 810 377 852 arguit
396 809 488 843 Deus
507 816 646 853 peccata
663 809 869 843 tristissimis
885 809 1050 853 exemplis
1069 821 1151 853 poe-

169 873 293 893 narum
321 867 353 893 et
375 860 555 901 agnitione
581 860 666 903 legis
693 859 730 892 in
747 859 915 904 cuiusque
928 860 1152 900 conscientia,

168 911 257 944 sicut
276 910 367 944 Psal.
386 909 446 944 57.
471 910 616 944 dicitur:
646 910 776 955 L'tique
800 917 849 943 est
873 908 969 944 Dens
993 911 1152 944 iudicans

167 973 225 995 eos
241 962 278 994 in
295 968 398 1002 terra,
414 968 530 995 tamen
549 961 586 993 in
603 960 758 995 Ecclesia
777 961 878 994 aliter
894 961 997 994 etiam
1016 969 1150 1006 peccata

168 1013 283 1055 arguit
305 1011 401 1045 Deus
434 1024 518 1045 voce
546 1012 730 1045 ministerii
764 1012 974 1054 evangelici,
1016 1019 1152 1045 accusat

168 1063 353 1106 caliginem
382 1064 424 1095 de
440 1061 513 1095 Deo
539 1062 576 1095 in
603 1070 726 1096 natura
747 1059 929 1095 hominum
950 1069 981 1095 et
999 1063 1152 1094 oblivio·
1176 1081 1179 1093 l

169 1126 249 1147 nem
277 1113 519 1158 promissionis
545 1114 586 1146 de
611 1113 682 1146 filio
704 1111 770 1145 Dei
792 1113 1001 1150 mediatore,
1029 1119 1062 1146 et
1085 1112 1151 1144 alia

173 1162 364 1198 horribilia
380 1164 548 1198 interiora
566 1163 669 1196 mala.
723 1162 804 1195 Ideo
824 1162 940 1207 inquit
957 1162 1152 1196 Dominus:

170 1215 324 1260 Spiritus
342 1222 481 1248 sanctus
498 1220 619 1257 arguet
638 1214 810 1247 mundum
830 1214 872 1246 de
889 1221 1030 1257 peccato
1057 1214 1150 1259 quod

169 1278 242 1300 non
258 1267 406 1299 credunt
421 1265 457 1298 iu
480 1276 545 1299 me.

268 1316 328 1350 39.
363 1315 501 1349 Diserte
525 1321 641 1348 autem
661 1314 806 1349 dicitur:
843 1314 997 1359 Spiritus
1014 1321 1179 1348 sanctus

169 1375 309 1410 arguet,
352 1366 434 1412 quia
459 1365 554 1399 Deus
586 1366 682 1398 adest
713 1367 910 1400 ministerio
941 1366 1153 1409 evangelico,
1177 1369 1180 1410 ζ
1204 1381 1289 1416 Βίης.

170 1429 232 1461 per
257 1430 376 1451 vocem
405 1415 590 1459 Evangelii
617 1423 665 1449 est
691 1417 809 1450 efficax
840 1424 877 1450 ut
902 1424 1179 1450 conxertantur.

169 1466 330 1502 homines
348 1469 390 1501 ad
408 1480 504 1508 eum,
532 1467 619 1500 sicut
637 1467 804 1512 scriptum
825 1475 890 1500 est:
918 1466 1151 1510 Evangelium
1177 1470 1181 1495 ί

169 1527 218 1553 est
234 1519 468 1553 ministerium
488 1517 650 1562 Spiritus.

270 1568 330 1604 40.
359 1568 557 1613 Ltrumque
572 1568 680 1611 igitur
693 1567 820 1601 clamat
834 1580 898 1601 vox
914 1567 986 1600 dix
977 1579 1046 1607 ma,
1061 1567 1153 1609 agite

1177 1510 1180 1550 l

1178 1552 1181 1607 l

171 1620 445 1664 poenitentiam,
487 1626 519 1652 et
543 1619 674 1652 credite
706 1616 921 1661 Evangelio,
963 1621 1180 1662 utrumque[

169 1669 502 1715 comprehenditur'
493 1681 529 1702 m
549 1669 796 1703 iureiurando:

171 1720 366 1761 Dominus,
394 1721 477 1754 nolo
503 1727 650 1753 mortem
677 1719 885 1762 peccatoris,

170 1779 327 1805 vertatur
353 1779 386 1806 et
412 1772 519 1805 vivat.

171 1820 500 1866 comprehenditur:
530 1820 584 1854 Ad
601 1833 704 1866 quem
723 1821 924 1865 respiciam,
946 1821 1013 1853 nisi
1031 1823 1072 1854 ad
1091 1822 1153 1853 ad-

169 1873 301 1907 flictum
320 1880 353 1907 et
369 1880 573 1906 trementem
593 1883 770 1905 sermones
786 1884 894 1904 meos.

920 1721 977 1752 sed
1004 1726 1045 1753 ut
1067 1731 1153 1752 con·
1178 1730 1181 1756 5

574 1770 760 1815 Utrunque
786 1771 823 1802 in
851 1767 916 1803 hoc
943 1770 1036 1804 dicto
1060 1769 1152 1805 Esai,
1178 1766 1181 1798 “,
1207 1762 1406 1800 credentes,
1435 1761 1515 1804 quia
1533 1761 1692 1793 nondum
1712 1757 1865 1792 habeant
1881 1757 2054 1791 iusticiam
2072 1770 2188 1791 essen-

842 1668 930 1702 tivo
958 1681 1039 1712 ego,
1067 1669 1152 1702 dicit
1178 1688 1181 1692 ·

1203 263 1299 284 snam
1323 261 1395 283 esse
1421 250 1544 284 merita
1567 251 1802 293 remissionis,
1831 260 1863 286 et
1879 253 2052 286 iusticiam
2070 266 2186 288 coram

1204 302 1280 334 Deo
1306 301 1394 334 sicut
1415 299 1613 344 pelagiani,
1642 301 1822 345 Papistae,
1855 301 2025 336 'Monachi
2050 305 2188 341 docent.

1203 349 1455 385 Enthusiastae
1479 352 1607 385 volunt
1631 353 1799 386 excellere
1825 362 1857 388 et
1881 355 2005 388 dicunt
2025 365 2059 387 se
2079 355 2188 389 iustos

1203 414 1263 436 sua
1281 402 1436 436 novitate
1455 409 1489 435 et
1508 403 1694 436 afflatibus.
1747 402 1841 437 Hinc
1859 405 1919 437 illa
1939 412 2037 438 vetus
2062 405 2188 438 defini-

1202 454 1249 487 tio
1268 459 1334 486 est:
1363 449 1585 497 δικαιοσώή
1603 451 1677 487 ἐστὶ
1694 453 1870 489 κοινωνία
1886 456 1979 490 θεοῦ
1996 454 2088 499 μετὰ
2107 454 2186 491 ἶσό-

1202 516 1318 548 ῑητος.
1370 502 1417 536 Et
1434 516 1528 537 nunc
1539 503 1714 537 Funccius
1730 505 1839 548 magis
1853 506 1968 549 inepte
1990 505 2056 540 huc
2073 513 2189 541 trans-

1202 555 1267 588 fert
1299 554 1541 588 definitionem
1569 553 1924 594 Iurisconsultorum‚
1969 557 2105 590 iusticia
2138 565 2189 591 est

1202 612 1364 638 constans
1390 612 1422 638 et
1446 613 1609 649 perpetua
1639 606 1824 647 voluntas,
1852 619 1954 640 suum
1980 607 2106 652 cuique
2122 608 2190 642 tri-

1202 657 1323 689 bueus.
1383 655 1478 689 Haec
1503 657 1594 690 dicta
1621 657 1663 689 de
1688 657 1790 700 legali
1814 658 1970 698 iusticia,
2007 670 2078 691 non
2103 670 2189 692 con-

1202 714 1332 750 gruunt
1348 707 1389 740 ad
1410 707 1516 740 dicta:
1545 706 1682 740 Noticia
1701 709 1790 741 servi
1804 708 2082 743 meiiustificabit
2094 709 2189 742 mul-

1201 765 1266 794 tos.
1321 757 1428 792 Item:
1458 758 1643 792 iustificati
1668 759 1734 792 fide
1758 772 1876 804 pacem
1908 757 2079 793 habemus
2106 771 2189 804 erga

1202 807 1328 843 Deum.

1303 865 1362 902 43.
1404 864 1646 900 Certissimum
1665 874 1715 900 est
1733 879 1869 911 semper
1885 867 1922 900 in
1949 867 2191 909 conversione,

1203 924 1233 951 et
1264 917 1300 949 in
1331 917 1540 962 quotidiana
1570 919 1810 952 consolatione
1842 919 1995 962 primurn
2028 925 2191 963 oportere

1202 968 1311 1011 accipi
1341 969 1408 1000 fide
1433 969 1675 1001 remissionem
1704 976 1944 1012 peccatorum,
1978 969 2067 1003 sicut
2090 967 2190 1013 Apo-

1203 1019 1283 1051 stoli
1302 1030 1460 1062 expresse
1476 1019 1614 1052 dicunt:
1642 1019 1735 1053 Huic
1752 1017 2077 1064 omnesProphetae
2093 1019 2192 1054 testi-

1204 1069 1364 1101 monium
1391 1067 1599 1112 perhibent,
1628 1071 1784 1113 accipere
1810 1071 2051 1103 remissionem
2069 1082 2191 1115 pecca-

1204 1125 1320 1151 torum
1340 1131 1402 1162 per
1417 1131 1548 1151 nomen
1567 1119 1641 1152 eius
1659 1132 1782 1152 omnes
1798 1121 1858 1165 qui
1876 1121 2025 1154 credunt
2042 1121 2079 1153 in
2097 1133 2191 1156 eum.

1205 1167 1290 1202 Item
1317 1167 1392 1204 loh.
1420 1169 1472 1203 3.:
1502 1168 1574 1212 Qui
1600 1182 1674 1203 non
1698 1171 1809 1204 credit
1832 1171 1867 1203 in
1894 1170 2023 1211 filium,
2052 1171 2102 1204 ira
2123 1168 2191 1204 Dei

1205 1226 1322 1253 manet
1338 1231 1442 1264 super
1460 1232 1548 1253 eum.

1307 1278 1368 1313 44.
1402 1278 1455 1312 De
1477 1277 1542 1313 hac
1568 1280 1634 1313 fide
1657 1279 1775 1324 inquit
1792 1279 1921 1313 Paulus
1939 1281 1981 1313 ad
1999 1277 2189 1324 Ephesios:

1204 1329 1272 1363 Per
1289 1342 1394 1375 quem
1412 1330 1582 1364 audemus
1600 1330 1762 1364 accedere
1781 1329 1818 1362 in
1837 1329 1982 1371 fiducia,
2008 1342 2070 1374 per
2085 1330 2191 1363 fidem

1306 1438 1366 1474 45.
1397 1438 1519 1484 Itaque
1536 1446 1569 1473 et
1587 1439 1758 1482 significat
1775 1440 1859 1472 fides
1874 1438 2036 1472 fiduciam
2053 1439 2189 1471 media-

1206 1490 1291 1523 toris
1309 1502 1348 1523 ac
1364 1490 1627 1523 misericordiae
1644 1490 1833 1533 promissae
1852 1495 1995 1533 propter
2018 1489 2189 1522 mediato-

1206 1552 1298 1578 rem,
1326 1547 1358 1574 et
1378 1538 1442 1573 hac
1458 1541 1525 1574 fide
1543 1541 1712 1585 accipitur
1735 1540 1892 1573 remissio
1913 1546 2136 1584 peccatorum
2157 1546 2190 1572 et

1205 1591 1456 1625 reconciliatio.

1307 1659 1366 1694 46.
1403 1658 1508 1701 Quod
1539 1670 1621 1692 vero
1646 1659 1761 1703 inquit
1778 1656 1974 1697 Osiander,
1995 1663 2133 1700 peccata
2151 1658 2189 1690 in

1207 1710 1366 1754 passione
1391 1708 1521 1744 Christi
1550 1710 1693 1742 remissa
1719 1721 1808 1748 esse,
1842 1710 1900 1740 sed
1926 1707 2086 1740 damnari
2113 1719 2188 1741 non

1179 1827 1181 1830 r
1207 1812 1336 1850 nalem,
1364 1812 1390 1844 si
1410 1811 1583 1844 existimat
1601 1822 1658 1843 eos
1674 1808 1803 1843 hahere
1821 1808 2075 1850 remissionem,
2102 1806 2189 1843 hor-

949 1871 1153 1914 Agnoscen-
1179 1904 1181 1909 ,

167 1930 217 1957 tes
235 1924 341 1967 igitur
363 1936 480 1957 veram
506 1931 538 1957 et
564 1920 770 1955 horribilem
787 1922 874 1955 iram
894 1922 962 1956 Dei
982 1923 1153 1955 adversus
1178 1950 1180 1958 .

169 1982 303 2018 peccata
321 1987 423 2019 quam
443 1974 596 2008 ostendit
612 1981 645 2006 et
664 1974 700 2005 in
724 1985 807 2006 voce
823 1971 1029 2016 Evangelii,
1056 1981 1088 2007 et
1115 1973 1150 2006 in

167 2025 374 2058 tristissimis
397 2025 564 2068 exemplis
589 2036 779 2068 poenarum
809 2024 847 2056 in
864 2023 1018 2057 Ecclesia
1037 2031 1070 2058 et
1087 2024 1153 2057 ali-

169 2076 223 2116 bi,
251 2077 330 2121 quia
349 2076 519 2109 iudicium
536 2088 553 2108 a
574 2076 680 2108 domo
698 2073 764 2108 Dei
785 2075 921 2118 incipit,
949 2087 1152 2119 expavesca-
1177 2097 1179 2100 -

168 2138 246 2159 mus
264 2134 296 2160 et
313 2127 504 2160 clamemus
525 2127 566 2159 ad
579 2125 711 2159 Deum:
736 2124 910 2159 Converte
926 2137 994 2166 me,
1015 2133 1047 2160 et
1065 2138 1151 2159 con-
1176 2139 1178 2145 ’

1176 2174 1177 2177 ’
1203 2165 1389 2209 Ezechiae,
1417 2166 1573 2200 mulieris
1592 2166 1801 2207 meretricis,
1828 2163 2030 2204 publicani,
2056 2162 2182 2197 Latro-

169 2184 293 2212 vertar.
337 2177 376 2211 In
399 2176 463 2211 hoc
481 2189 563 2211 vero
582 2177 704 2210 dolore
719 2176 959 2218 confugientes
974 2177 1018 2210 ad
1037 2177 1148 2210 filium

167 2225 231 2260 Dei
259 2228 504 2268 mediatorem,
529 2234 561 2260 et
586 2228 652 2260 fide
677 2227 886 2270 accipientes
906 2227 1149 2260 remissionem

167 2286 200 2311 et
217 2279 536 2312 reconciliationem
554 2279 689 2312 discent
706 2278 901 2322 intelligere
920 2276 1011 2311 hanc
1028 2290 1148 2312 vocem

170 2327 288 2361 Pauli:
330 2328 562 2363 lustificamur
587 2330 712 2372 gratis,
753 2329 820 2362 fide
857 2336 1000 2374 propter
1026 2329 1149 2370 filium,

164 2391 267 2424 quern
285 2380 400 2421 posuit
415 2378 508 2414 Deus
526 2380 806 2424 propiciatorem.

266 2429 324 2463 41.
357 2429 407 2463 [bi
426 2431 667 2474 intelligentur
686 2430 854 2464 vocabula
880 2430 979 2471 fidei,
1006 2430 1148 2473 gratiae,

168 2480 445 2521 iustificationis,
484 2493 634 2526 quorum
666 2482 882 2515 intellectum
909 2489 942 2516 et
965 2482 1050 2514 olim
1070 2494 1147 2514 mo-

161 2528 264 2564 nachi
282 2538 525 2575 corruperunt,
542 2539 573 2565 et
590 2544 684 2565 nunc
699 2539 934 2577 corrumpunt
950 2532 1147 2576 Anabapti-
1171 2540 1173 2542 ’

165 2590 253 2621 stae,
279 2583 389 2616 etalii
415 2579 662 2615 enthusiastica
684 2584 891 2617 iactitantes.

260 2632 320 2668 42.
349 2632 496 2677 Semper
514 2633 746 2667 adversantur
763 2646 864 2667 verae
890 2634 1084 2668 sententiae
1102 2634 1145 2667 de

156 2683 290 2718 iusticia
309 2684 406 2725 fidei,
433 2685 504 2718 duo
520 2695 646 2727 genera
673 2681 876 2726 hominum,
905 2683 1086 2720 Pharisaei
1112 2691 1145 2719 et
1168 2706 1171 2722 2
1194 2682 1371 2719 henditur
1395 2682 1580 2728 promissio
1604 2682 1640 2714 in
1665 2679 1859 2725 Evangelio
1886 2680 2081 2725 proposita,

1173 2327 1175 2330 ’
1202 2319 1305 2363 Agite
1323 2319 1594 2364 poenitentiam,
1621 2326 1654 2353 et
1672 2319 1801 2352 credite
1817 2315 2021 2358 Evangelio.

1171 2403 1174 2406 Α
1200 2370 1308 2404 psat:

1207 1862 1321 1895 ribilis
1338 1863 1438 1895 furor
1453 1869 1512 1902 est,
1527 1868 1557 1894 et
1575 1869 1705 1905 pugnat
1723 1874 1801 1894 cum
1819 1858 1886 1894 hoc
1902 1859 2008 1897 dicto,
2036 1859 2097 1904 qui
2114 1871 2188 1893 non

1206 1914 1298 1947 cedit
1320 1913 1356 1945 in
1381 1914 1510 1953 filium,
1545 1912 1594 1945 ira
1621 1911 1686 1945 Dei
1719 1918 1836 1946 manet
1867 1922 1972 1955 super
1996 1921 2086 1943 eum.
2141 1909 2188 1944 Et

1208 1965 1331 1997 modus
1351 1962 1606 1997 iustificationis
1623 1963 1712 1996 alius
1724 1960 2009 1996 Enthusiasticus
2018 1962 2189 2005 proponi-

1206 2021 1282 2054 tur,
1309 2021 1402 2048 extra
1426 2012 1516 2047 hanc
1542 2014 1671 2047 luctam
1700 2026 1766 2059 qna
1789 2014 1826 2046 in
1851 2011 2082 2047 conversione
2096 2012 2189 2046 acci-

1206 2066 1300 2109 pitur
1323 2065 1498 2104 remissio,
1538 2076 1617 2098 cum
1646 2065 1893 2098 universaliter
1915 2060 1972 2096 hic
1996 2063 2123 2096 modus
2149 2063 2188 2096 in

1204 2116 1375 2160 scriptura
1407 2122 1645 2160 proponatur,
1684 2122 1722 2149 ut
1752 2115 1789 2148 in
1820 2113 2036 2160 poenitentia
2061 2112 2188 2154 David,

1203 2218 1277 2259 nis,
1303 2225 1335 2252 et
1353 2229 1498 2261 magnae
1515 2217 1755 2251 multitudinis
1774 2217 1810 2250 in
1828 2217 1912 2250 actis
1922 2213 2185 2258 Apostolorum.

1202 2267 1248 2302 Et
1284 2266 1341 2302 hic
1378 2269 1503 2302 modus
1529 2269 1727 2303 communis
1756 2266 1966 2311 proponitur
2000 2264 2036 2296 in
2073 2265 2184 2299 dicto:

2075 2314 2122 2350 Et
2147 2317 2184 2349 in

1346 2368 1428 2404 Dixi
1449 2370 1645 2404 confitebor
1667 2371 1832 2403 adversus
1860 2379 1914 2400 me
1943 2366 1979 2399 in
2009 2366 2182 2400 iusticiam

1199 2434 1311 2454 meam
1336 2419 1511 2462 Domino,
1547 2429 1578 2456 et
1606 2428 1644 2455 tu
1668 2419 1818 2453 remittis
1846 2417 2071 2464 iniquitatem
2105 2430 2183 2461 pec-

1198 2472 1267 2506 cati
1287 2473 1367 2505 mei.

1299 2530 1360 2566 47.
1402 2530 1459 2565 Fit
1484 2529 1569 2564 haec
1591 2529 1749 2563 remissio
1773 2533 1915 2572 propter
1942 2527 2182 2568 mediatorem,

1197 2589 1229 2615 et
1267 2583 1372 2617 simul
1410 2590 1460 2616 est
1487 2580 1726 2615 reconciliatio
1755 2587 1786 2613 et
1812 2579 1994 2622 imputatio
2025 2578 2182 2612 iusticiae

1195 2640 1346 2678 propter
1370 2634 1608 2666 mediatorem.
1662 2630 1719 2666 Fit
1745 2638 1858 2664 autem
1877 2641 1955 2663 cum
1974 2629 2040 2662 fide
2056 2641 2181 2673 appre-

2114 2691 2182 2724 qua
