<?xml version="1.0" encoding="UTF-8"?>
<!DOCTYPE html PUBLIC "-//W3C//DTD XHTML 1.0 Transitional//EN"
    "http://www.w3.org/TR/xhtml1/DTD/xhtml1-transitional.dtd">
<html xmlns="http://www.w3.org/1999/xhtml" xml:lang="en" lang="en">
 <head>
  <title>
</title>
<meta http-equiv="Content-Type" content="text/html;charset=utf-8" />
  <meta name='ocr-system' content='tesseract 3.04.00' />
  <meta name='ocr-capabilities' content='ocr_page ocr_carea ocr_par ocr_line ocrx_word'/>
</head>
<body>
  <div class='ocr_page' id='page_1' title='image "./operaquaesupersu12melauoft/operaquaesupersu12melauoft_0076.png"; bbox 0 0 2324 2955; ppageno 0'>
   <div class='ocr_carea' id='block_1_1' title="bbox 165 143 234 177">
    <p class='ocr_par' dir='ltr' id='par_1_1' title="bbox 165 143 234 177">
     <span class='ocr_line' id='line_1_1' title="bbox 165 143 234 177; baseline -0.014 0"><span class='ocrx_word' id='word_1_1' title='bbox 165 143 234 177; x_wconf 79' lang='lat'>135</span> 
     </span>
    </p>
   </div>
   <div class='ocr_carea' id='block_1_2' title="bbox 157 214 1144 863">
    <p class='ocr_par' dir='ltr' id='par_1_2' title="bbox 157 214 1144 863">
     <span class='ocr_line' id='line_1_2' title="bbox 157 214 1134 271; baseline -0.01 -13"><span class='ocrx_word' id='word_1_2' title='bbox 157 237 225 271; x_wconf 90' lang='lat' dir='ltr'>quo</span> <span class='ocrx_word' id='word_1_3' title='bbox 249 222 405 257; x_wconf 73' lang='lat' dir='ltr'>Ecclesia</span> <span class='ocrx_word' id='word_1_4' title='bbox 428 219 645 252; x_wconf 75' lang='lat' dir='ltr'>aedificatur,</span> <span class='ocrx_word' id='word_1_5' title='bbox 673 221 703 247; x_wconf 80' lang='lat' dir='ltr'>et</span> <span class='ocrx_word' id='word_1_6' title='bbox 729 214 861 247; x_wconf 88' lang='lat' dir='ltr'>sincera</span> <span class='ocrx_word' id='word_1_7' title='bbox 887 214 1074 258; x_wconf 82' lang='lat' dir='ltr'>sponsione</span> <span class='ocrx_word' id='word_1_8' title='bbox 1097 226 1134 248; x_wconf 89' lang='lat' dir='ltr'>ac</span> 
     </span>
     <span class='ocr_line' id='line_1_3' title="bbox 158 263 1135 316; baseline -0.012 -8"><span class='ocrx_word' id='word_1_9' title='bbox 158 277 224 308; x_wconf 86' lang='lat' dir='ltr'>fide</span> <span class='ocrx_word' id='word_1_10' title='bbox 251 285 376 316; x_wconf 88' lang='lat' dir='ltr'>sponso</span> <span class='ocrx_word' id='word_1_11' title='bbox 402 269 540 303; x_wconf 81' lang='lat' dir='ltr'>Christo</span> <span class='ocrx_word' id='word_1_12' title='bbox 565 265 765 308; x_wconf 82' lang='lat' dir='ltr'>copulatur,</span> <span class='ocrx_word' id='word_1_13' title='bbox 800 272 837 298; x_wconf 89' lang='lat' dir='ltr'>ut</span> <span class='ocrx_word' id='word_1_14' title='bbox 863 263 976 298; x_wconf 81' lang='lat' dir='ltr'>Oscae</span> <span class='ocrx_word' id='word_1_15' title='bbox 994 266 1024 300; x_wconf 91' lang='lat'>1.</span> <span class='ocrx_word' id='word_1_16' title='bbox 1048 265 1135 298; x_wconf 89' lang='lat' dir='ltr'>dici-</span> 
     </span>
     <span class='ocr_line' id='line_1_4' title="bbox 159 315 1134 364; baseline -0.012 -6"><span class='ocrx_word' id='word_1_17' title='bbox 159 333 232 358; x_wconf 91' lang='lat' dir='ltr'>tur:</span> <span class='ocrx_word' id='word_1_18' title='bbox 267 319 491 364; x_wconf 84' lang='lat' dir='ltr'>Desponsabo</span> <span class='ocrx_word' id='word_1_19' title='bbox 520 323 550 348; x_wconf 90' lang='lat' dir='ltr'>te</span> <span class='ocrx_word' id='word_1_20' title='bbox 570 315 657 347; x_wconf 81' lang='lat' dir='ltr'>mihi</span> <span class='ocrx_word' id='word_1_21' title='bbox 685 316 721 346; x_wconf 91' lang='lat' dir='ltr'>in</span> <span class='ocrx_word' id='word_1_22' title='bbox 746 322 947 358; x_wconf 87' lang='lat' dir='ltr'>aeternum,</span> <span class='ocrx_word' id='word_1_23' title='bbox 984 317 1134 359; x_wconf 83' lang='lat' dir='ltr'>despon—</span> 
     </span>
     <span class='ocr_line' id='line_1_5' title="bbox 161 365 1136 409; baseline -0.012 -1"><span class='ocrx_word' id='word_1_24' title='bbox 161 376 243 408; x_wconf 89' lang='lat' dir='ltr'>sabo</span> <span class='ocrx_word' id='word_1_25' title='bbox 266 380 297 404; x_wconf 91' lang='lat' dir='ltr'>te</span> <span class='ocrx_word' id='word_1_26' title='bbox 319 368 406 402; x_wconf 91' lang='lat' dir='ltr'>mihi</span> <span class='ocrx_word' id='word_1_27' title='bbox 428 368 464 399; x_wconf 90' lang='lat' dir='ltr'>in</span> <span class='ocrx_word' id='word_1_28' title='bbox 488 365 623 399; x_wconf 85' lang='lat' dir='ltr'>iusticia</span> <span class='ocrx_word' id='word_1_29' title='bbox 650 372 681 397; x_wconf 86' lang='lat' dir='ltr'>ct</span> <span class='ocrx_word' id='word_1_30' title='bbox 706 366 782 399; x_wconf 77' lang='lat' dir='ltr'>sule.</span> <span class='ocrx_word' id='word_1_31' title='bbox 834 366 918 399; x_wconf 89' lang='lat' dir='ltr'>Ideo</span> <span class='ocrx_word' id='word_1_32' title='bbox 947 366 1073 409; x_wconf 88' lang='lat' dir='ltr'>passim</span> <span class='ocrx_word' id='word_1_33' title='bbox 1100 365 1136 397; x_wconf 91' lang='lat' dir='ltr'>in</span> 
     </span>
     <span class='ocr_line' id='line_1_6' title="bbox 161 413 1137 462; baseline -0.01 -6"><span class='ocrx_word' id='word_1_34' title='bbox 161 420 381 462; x_wconf 81' lang='lat' dir='ltr'>Evangeliis,</span> <span class='ocrx_word' id='word_1_35' title='bbox 428 418 464 449; x_wconf 90' lang='lat' dir='ltr'>in</span> <span class='ocrx_word' id='word_1_36' title='bbox 504 416 653 448; x_wconf 88' lang='lat' dir='ltr'>Psalmis</span> <span class='ocrx_word' id='word_1_37' title='bbox 695 421 725 447; x_wconf 83' lang='lat' dir='ltr'>et</span> <span class='ocrx_word' id='word_1_38' title='bbox 768 414 953 459; x_wconf 78' lang='lat' dir='ltr'><strong>Prophetis</strong></span> <span class='ocrx_word' id='word_1_39' title='bbox 996 413 1137 448; x_wconf 89' lang='lat' dir='ltr'>Christo</span> 
     </span>
     <span class='ocr_line' id='line_1_7' title="bbox 163 464 1138 516; baseline -0.01 -10"><span class='ocrx_word' id='word_1_40' title='bbox 163 471 280 516; x_wconf 82' lang='lat' dir='ltr'>sponsi</span> <span class='ocrx_word' id='word_1_41' title='bbox 297 467 481 513; x_wconf 76' lang='lat' dir='ltr'>appellatio</span> <span class='ocrx_word' id='word_1_42' title='bbox 498 466 680 499; x_wconf 85' lang='lat' dir='ltr'>tribuitur.</span> <span class='ocrx_word' id='word_1_43' title='bbox 720 464 1025 506; x_wconf 78' lang='lat' dir='ltr'>Quemadmodum</span> <span class='ocrx_word' id='word_1_44' title='bbox 1045 465 1138 497; x_wconf 91' lang='lat' dir='ltr'>enim</span> 
     </span>
     <span class='ocr_line' id='line_1_8' title="bbox 165 515 1139 565; baseline -0.008 -11"><span class='ocrx_word' id='word_1_45' title='bbox 165 531 311 565; x_wconf 86' lang='lat' dir='ltr'>sponsus</span> <span class='ocrx_word' id='word_1_46' title='bbox 345 530 426 550; x_wconf 92' lang='lat' dir='ltr'>vero</span> <span class='ocrx_word' id='word_1_47' title='bbox 463 524 494 549; x_wconf 85' lang='lat' dir='ltr'>et</span> <span class='ocrx_word' id='word_1_48' title='bbox 522 515 657 548; x_wconf 87' lang='lat' dir='ltr'>ardenti</span> <span class='ocrx_word' id='word_1_49' title='bbox 693 526 807 547; x_wconf 88' lang='lat' dir='ltr'>amore</span> <span class='ocrx_word' id='word_1_50' title='bbox 842 526 937 548; x_wconf 90' lang='lat' dir='ltr'>suam</span> <span class='ocrx_word' id='word_1_51' title='bbox 977 526 1139 558; x_wconf 83' lang='lat' dir='ltr'>sponsam</span> 
     </span>
     <span class='ocr_line' id='line_1_9' title="bbox 164 565 1142 614; baseline -0.007 -10"><span class='ocrx_word' id='word_1_52' title='bbox 164 569 421 614; x_wconf 71' lang='lat' dir='ltr'>complectitur,</span> <span class='ocrx_word' id='word_1_53' title='bbox 448 567 493 599; x_wconf 88' lang='lat' dir='ltr'>ita</span> <span class='ocrx_word' id='word_1_54' title='bbox 516 572 565 598; x_wconf 89' lang='lat' dir='ltr'>est</span> <span class='ocrx_word' id='word_1_55' title='bbox 587 576 659 597; x_wconf 89' lang='lat' dir='ltr'>non</span> <span class='ocrx_word' id='word_1_56' title='bbox 681 565 881 605; x_wconf 88' lang='lat' dir='ltr'>simulatus,</span> <span class='ocrx_word' id='word_1_57' title='bbox 906 566 965 597; x_wconf 93' lang='lat' dir='ltr'>sed</span> <span class='ocrx_word' id='word_1_58' title='bbox 983 576 1085 597; x_wconf 89' lang='lat' dir='ltr'>verus</span> <span class='ocrx_word' id='word_1_59' title='bbox 1109 571 1142 597; x_wconf 91' lang='lat' dir='ltr'>et</span> 
     </span>
     <span class='ocr_line' id='line_1_10' title="bbox 166 613 1142 658; baseline -0.008 -4"><span class='ocrx_word' id='word_1_60' title='bbox 166 622 293 654; x_wconf 89' lang='lat' dir='ltr'>ardens</span> <span class='ocrx_word' id='word_1_61' title='bbox 321 629 418 652; x_wconf 91' lang='lat' dir='ltr'>amor</span> <span class='ocrx_word' id='word_1_62' title='bbox 445 617 480 648; x_wconf 91' lang='lat' dir='ltr'>in</span> <span class='ocrx_word' id='word_1_63' title='bbox 505 614 663 654; x_wconf 86' lang='lat' dir='ltr'>Christo,</span> <span class='ocrx_word' id='word_1_64' title='bbox 698 626 775 656; x_wconf 83' lang='lat' dir='ltr'>erga</span> <span class='ocrx_word' id='word_1_65' title='bbox 803 613 1012 654; x_wconf 81' lang='lat' dir='ltr'>Ecclesiam,</span> <span class='ocrx_word' id='word_1_66' title='bbox 1048 615 1142 658; x_wconf 84' lang='lat' dir='ltr'>quod</span> 
     </span>
     <span class='ocr_line' id='line_1_11' title="bbox 167 663 1143 707; baseline -0.008 -3"><span class='ocrx_word' id='word_1_67' title='bbox 167 677 310 704; x_wconf 88' lang='lat' dir='ltr'>testatus</span> <span class='ocrx_word' id='word_1_68' title='bbox 334 675 383 701; x_wconf 87' lang='lat' dir='ltr'>est</span> <span class='ocrx_word' id='word_1_69' title='bbox 405 679 476 699; x_wconf 89' lang='lat' dir='ltr'>non</span> <span class='ocrx_word' id='word_1_70' title='bbox 501 666 611 698; x_wconf 91' lang='lat' dir='ltr'>solum</span> <span class='ocrx_word' id='word_1_71' title='bbox 637 665 872 707; x_wconf 72' lang='lat' dir='ltr'>assumptione</span> <span class='ocrx_word' id='word_1_72' title='bbox 904 671 1048 697; x_wconf 87' lang='lat' dir='ltr'>naturae</span> <span class='ocrx_word' id='word_1_73' title='bbox 1076 663 1143 697; x_wconf 82' lang='lat' dir='ltr'>hu-</span> 
     </span>
     <span class='ocr_line' id='line_1_12' title="bbox 167 714 1144 758; baseline -0.007 -5"><span class='ocrx_word' id='word_1_74' title='bbox 167 731 309 758; x_wconf 89' lang='lat' dir='ltr'>manae,</span> <span class='ocrx_word' id='word_1_75' title='bbox 335 718 392 750; x_wconf 92' lang='lat' dir='ltr'>sed</span> <span class='ocrx_word' id='word_1_76' title='bbox 418 717 519 749; x_wconf 91' lang='lat' dir='ltr'>etiam</span> <span class='ocrx_word' id='word_1_77' title='bbox 538 722 648 748; x_wconf 90' lang='lat' dir='ltr'>morte</span> <span class='ocrx_word' id='word_1_78' title='bbox 667 726 746 753; x_wconf 83' lang='lat' dir='ltr'>sua,</span> <span class='ocrx_word' id='word_1_79' title='bbox 775 726 878 758; x_wconf 86' lang='lat' dir='ltr'>quam</span> <span class='ocrx_word' id='word_1_80' title='bbox 897 715 992 747; x_wconf 87' lang='lat' dir='ltr'>velut</span> <span class='ocrx_word' id='word_1_81' title='bbox 1018 714 1144 757; x_wconf 87' lang='lat' dir='ltr'>pignus</span> 
     </span>
     <span class='ocr_line' id='line_1_13' title="bbox 169 764 1144 812; baseline -0.007 -9"><span class='ocrx_word' id='word_1_82' title='bbox 169 770 222 803; x_wconf 89' lang='lat' dir='ltr'>sui</span> <span class='ocrx_word' id='word_1_83' title='bbox 240 780 317 812; x_wconf 82' lang='lat' dir='ltr'>erga</span> <span class='ocrx_word' id='word_1_84' title='bbox 339 779 403 799; x_wconf 91' lang='lat' dir='ltr'>nos</span> <span class='ocrx_word' id='word_1_85' title='bbox 428 765 555 799; x_wconf 90' lang='lat' dir='ltr'>amoris</span> <span class='ocrx_word' id='word_1_86' title='bbox 579 777 649 797; x_wconf 77' lang='lat' dir='ltr'>esse</span> <span class='ocrx_word' id='word_1_87' title='bbox 668 765 799 805; x_wconf 74' lang='lat' dir='ltr'>voluit,</span> <span class='ocrx_word' id='word_1_88' title='bbox 825 771 863 797; x_wconf 88' lang='lat' dir='ltr'>ut</span> <span class='ocrx_word' id='word_1_89' title='bbox 880 764 916 796; x_wconf 89' lang='lat' dir='ltr'>in</span> <span class='ocrx_word' id='word_1_90' title='bbox 934 764 1144 797; x_wconf 82' lang='lat' dir='ltr'>dulcissimis</span> 
     </span>
     <span class='ocr_line' id='line_1_14' title="bbox 167 815 678 863; baseline -0.014 -10"><span class='ocrx_word' id='word_1_91' title='bbox 167 817 322 863; x_wconf 86' lang='lat' dir='ltr'>Philippi</span> <span class='ocrx_word' id='word_1_92' title='bbox 340 816 519 850; x_wconf 83' lang='lat' dir='ltr'>versiculis</span> <span class='ocrx_word' id='word_1_93' title='bbox 535 815 678 848; x_wconf 87' lang='lat' dir='ltr'>dicitnr:</span> 
     </span>
    </p>
   </div>
   <div class='ocr_carea' id='block_1_3' title="bbox 165 876 1146 1624">
    <p class='ocr_par' dir='ltr' id='par_1_3' title="bbox 165 876 1146 1624">
     <span class='ocr_line' id='line_1_15' title="bbox 244 876 1035 915; baseline -0.005 -6"><span class='ocrx_word' id='word_1_94' title='bbox 244 880 348 909; x_wconf 79' lang='lat' dir='ltr'>Pectus</span> <span class='ocrx_word' id='word_1_95' title='bbox 365 885 395 906; x_wconf 87' lang='lat' dir='ltr'>ut</span> <span class='ocrx_word' id='word_1_96' title='bbox 412 880 441 905; x_wconf 92' lang='lat' dir='ltr'>in</span> <span class='ocrx_word' id='word_1_97' title='bbox 457 887 564 915; x_wconf 82' lang='lat' dir='ltr'>sponso</span> <span class='ocrx_word' id='word_1_98' title='bbox 588 878 768 904; x_wconf 77' lang='lat' dir='ltr'>flammarum</span> <span class='ocrx_word' id='word_1_99' title='bbox 787 876 920 904; x_wconf 83' lang='lat' dir='ltr'>incendia</span> <span class='ocrx_word' id='word_1_100' title='bbox 936 878 1035 913; x_wconf 86' lang='lat' dir='ltr'>sentit,</span> 
     </span>
     <span class='ocr_line' id='line_1_16' title="bbox 322 927 933 966; baseline 0 -10"><span class='ocrx_word' id='word_1_101' title='bbox 322 927 385 966; x_wconf 85' lang='lat' dir='ltr'>Qui</span> <span class='ocrx_word' id='word_1_102' title='bbox 401 938 468 955; x_wconf 78' lang='lat' dir='ltr'>vero</span> <span class='ocrx_word' id='word_1_103' title='bbox 485 937 607 965; x_wconf 79' lang='lat' dir='ltr'>sponsae</span> <span class='ocrx_word' id='word_1_104' title='bbox 623 929 723 964; x_wconf 64' lang='lat' dir='ltr'>flagrat</span> <span class='ocrx_word' id='word_1_105' title='bbox 737 936 836 954; x_wconf 87' lang='lat' dir='ltr'>amore</span> <span class='ocrx_word' id='word_1_106' title='bbox 855 937 933 956; x_wconf 76' lang='lat' dir='ltr'>suae·</span> 
     </span>
     <span class='ocr_line' id='line_1_17' title="bbox 243 977 855 1014; baseline -0.008 -6"><span class='ocrx_word' id='word_1_107' title='bbox 243 978 385 1009; x_wconf 76' lang='lat' dir='ltr'>Naturam</span> <span class='ocrx_word' id='word_1_108' title='bbox 400 980 509 1006; x_wconf 73' lang='lat' dir='ltr'>sociam</span> <span class='ocrx_word' id='word_1_109' title='bbox 522 987 590 1005; x_wconf 76' lang='lat' dir='ltr'>vero</span> <span class='ocrx_word' id='word_1_110' title='bbox 608 980 648 1005; x_wconf 84' lang='lat' dir='ltr'>sic</span> <span class='ocrx_word' id='word_1_111' title='bbox 666 977 762 1014; x_wconf 77' lang='lat' dir='ltr'>diligit</span> <span class='ocrx_word' id='word_1_112' title='bbox 778 979 855 1014; x_wconf 78' lang='lat' dir='ltr'>igne,</span> 
     </span>
     <span class='ocr_line' id='line_1_18' title="bbox 320 1027 853 1065; baseline -0.002 -9"><span class='ocrx_word' id='word_1_113' title='bbox 320 1029 412 1056; x_wconf 89' lang='lat' dir='ltr'>Filius</span> <span class='ocrx_word' id='word_1_114' title='bbox 431 1034 546 1056; x_wconf 80' lang='lat' dir='ltr'>aeterno</span> <span class='ocrx_word' id='word_1_115' title='bbox 564 1027 599 1055; x_wconf 83' lang='lat' dir='ltr'>de</span> <span class='ocrx_word' id='word_1_116' title='bbox 616 1029 748 1065; x_wconf 75' lang='lat' dir='ltr'>genitore</span> <span class='ocrx_word' id='word_1_117' title='bbox 765 1033 853 1058; x_wconf 86' lang='lat' dir='ltr'>satus.</span> 
     </span>
     <span class='ocr_line' id='line_1_19' title="bbox 242 1077 1066 1117; baseline -0.005 -9"><span class='ocrx_word' id='word_1_118' title='bbox 242 1077 345 1108; x_wconf 81' lang='lat' dir='ltr'>Induit</span> <span class='ocrx_word' id='word_1_119' title='bbox 363 1079 491 1106; x_wconf 80' lang='lat' dir='ltr'>humano</span> <span class='ocrx_word' id='word_1_120' title='bbox 509 1088 597 1117; x_wconf 84' lang='lat' dir='ltr'>quam</span> <span class='ocrx_word' id='word_1_121' title='bbox 614 1077 744 1113; x_wconf 72' lang='lat' dir='ltr'>foedere,</span> <span class='ocrx_word' id='word_1_122' title='bbox 773 1087 831 1116; x_wconf 87' lang='lat' dir='ltr'>quo</span> <span class='ocrx_word' id='word_1_123' title='bbox 849 1077 904 1105; x_wconf 87' lang='lat' dir='ltr'>sibi</span> <span class='ocrx_word' id='word_1_124' title='bbox 921 1082 1066 1112; x_wconf 79' lang='lat' dir='ltr'>nostruin,</span> 
     </span>
     <span class='ocr_line' id='line_1_20' title="bbox 321 1128 932 1166; baseline -0.005 -9"><span class='ocrx_word' id='word_1_125' title='bbox 321 1128 460 1157; x_wconf 79' lang='lat' dir='ltr'>Fraterno</span> <span class='ocrx_word' id='word_1_126' title='bbox 480 1130 585 1166; x_wconf 86' lang='lat' dir='ltr'>pariter</span> <span class='ocrx_word' id='word_1_127' title='bbox 602 1130 697 1156; x_wconf 79' lang='lat' dir='ltr'>iunxit</span> <span class='ocrx_word' id='word_1_128' title='bbox 716 1138 814 1155; x_wconf 82' lang='lat' dir='ltr'>amore</span> <span class='ocrx_word' id='word_1_129' title='bbox 830 1137 932 1165; x_wconf 77' lang='lat' dir='ltr'>genus.</span> 
     </span>
     <span class='ocr_line' id='line_1_21' title="bbox 242 1176 1031 1221; baseline -0.004 -13"><span class='ocrx_word' id='word_1_130' title='bbox 242 1178 310 1208; x_wconf 86' lang='lat' dir='ltr'>lura</span> <span class='ocrx_word' id='word_1_131' title='bbox 327 1179 405 1208; x_wconf 86' lang='lat' dir='ltr'>thori</span> <span class='ocrx_word' id='word_1_132' title='bbox 421 1177 501 1207; x_wconf 82' lang='lat' dir='ltr'>Deus</span> <span class='ocrx_word' id='word_1_133' title='bbox 513 1180 687 1221; x_wconf 35' lang='lat' dir='ltr'>&#39;exemplum</span> <span class='ocrx_word' id='word_1_134' title='bbox 704 1189 771 1206; x_wconf 85' lang='lat' dir='ltr'>cum</span> <span class='ocrx_word' id='word_1_135' title='bbox 787 1177 913 1205; x_wconf 78' lang='lat' dir='ltr'>foederis</span> <span class='ocrx_word' id='word_1_136' title='bbox 931 1176 1031 1214; x_wconf 86' lang='lat' dir='ltr'>huius,</span> 
     </span>
     <span class='ocr_line' id='line_1_22' title="bbox 313 1228 924 1267; baseline -0.003 -9"><span class='ocrx_word' id='word_1_137' title='bbox 313 1228 384 1258; x_wconf 83' lang='lat' dir='ltr'>Esse</span> <span class='ocrx_word' id='word_1_138' title='bbox 399 1231 469 1259; x_wconf 74' lang='lat' dir='ltr'>velit</span> <span class='ocrx_word' id='word_1_139' title='bbox 481 1252 488 1266; x_wconf 87' lang='lat'><em>‚</em></span> <span class='ocrx_word' id='word_1_140' title='bbox 513 1235 609 1257; x_wconf 85' lang='lat' dir='ltr'>sancte</span> <span class='ocrx_word' id='word_1_141' title='bbox 626 1230 770 1267; x_wconf 79' lang='lat' dir='ltr'>praecipit</span> <span class='ocrx_word' id='word_1_142' title='bbox 785 1230 839 1257; x_wconf 81' lang='lat' dir='ltr'>ista</span> <span class='ocrx_word' id='word_1_143' title='bbox 853 1229 924 1256; x_wconf 88' lang='lat' dir='ltr'>coli.</span> 
     </span>
     <span class='ocr_line' id='line_1_23' title="bbox 166 1279 1145 1327; baseline -0.007 -9"><span class='ocrx_word' id='word_1_144' title='bbox 166 1283 282 1318; x_wconf 87' lang='lat' dir='ltr'>Multa</span> <span class='ocrx_word' id='word_1_145' title='bbox 296 1291 412 1317; x_wconf 88' lang='lat' dir='ltr'>autem</span> <span class='ocrx_word' id='word_1_146' title='bbox 429 1283 556 1327; x_wconf 90' lang='lat' dir='ltr'>passim</span> <span class='ocrx_word' id='word_1_147' title='bbox 574 1283 610 1315; x_wconf 89' lang='lat' dir='ltr'>in</span> <span class='ocrx_word' id='word_1_148' title='bbox 630 1281 786 1316; x_wconf 88' lang='lat' dir='ltr'>historiis</span> <span class='ocrx_word' id='word_1_149' title='bbox 804 1288 921 1315; x_wconf 80' lang='lat' dir='ltr'>extant</span> <span class='ocrx_word' id='word_1_150' title='bbox 936 1281 1008 1313; x_wconf 86' lang='lat' dir='ltr'>veri</span> <span class='ocrx_word' id='word_1_151' title='bbox 1023 1286 1057 1313; x_wconf 91' lang='lat' dir='ltr'>et</span> <span class='ocrx_word' id='word_1_152' title='bbox 1072 1279 1145 1311; x_wconf 89' lang='lat' dir='ltr'>sin-</span> 
     </span>
     <span class='ocr_line' id='line_1_24' title="bbox 166 1329 1145 1374; baseline -0.008 -7"><span class='ocrx_word' id='word_1_153' title='bbox 166 1334 235 1367; x_wconf 89' lang='lat' dir='ltr'>ceri</span> <span class='ocrx_word' id='word_1_154' title='bbox 258 1334 387 1367; x_wconf 88' lang='lat' dir='ltr'>amoris</span> <span class='ocrx_word' id='word_1_155' title='bbox 411 1340 443 1365; x_wconf 90' lang='lat' dir='ltr'>et</span> <span class='ocrx_word' id='word_1_156' title='bbox 460 1333 539 1365; x_wconf 87' lang='lat' dir='ltr'>fidei</span> <span class='ocrx_word' id='word_1_157' title='bbox 564 1333 756 1374; x_wconf 83' lang='lat' dir='ltr'>coniugalis</span> <span class='ocrx_word' id='word_1_158' title='bbox 775 1331 948 1372; x_wconf 85' lang='lat' dir='ltr'>exempla,</span> <span class='ocrx_word' id='word_1_159' title='bbox 973 1341 1061 1372; x_wconf 85' lang='lat' dir='ltr'>quae</span> <span class='ocrx_word' id='word_1_160' title='bbox 1078 1329 1145 1359; x_wconf 87' lang='lat' dir='ltr'>im-</span> 
     </span>
     <span class='ocr_line' id='line_1_25' title="bbox 165 1378 1146 1424; baseline -0.007 -8"><span class='ocrx_word' id='word_1_161' title='bbox 165 1395 325 1416; x_wconf 86' lang='lat' dir='ltr'>rnensnm</span> <span class='ocrx_word' id='word_1_162' title='bbox 350 1382 478 1415; x_wconf 89' lang='lat' dir='ltr'>amoris</span> <span class='ocrx_word' id='word_1_163' title='bbox 509 1380 731 1419; x_wconf 88' lang='lat' dir='ltr'>incendium,</span> <span class='ocrx_word' id='word_1_164' title='bbox 766 1392 835 1424; x_wconf 92' lang='lat' dir='ltr'>quo</span> <span class='ocrx_word' id='word_1_165' title='bbox 860 1379 952 1411; x_wconf 87' lang='lat' dir='ltr'>filius</span> <span class='ocrx_word' id='word_1_166' title='bbox 973 1378 1040 1412; x_wconf 91' lang='lat' dir='ltr'>Dei</span> <span class='ocrx_word' id='word_1_167' title='bbox 1068 1388 1146 1419; x_wconf 88' lang='lat' dir='ltr'>erga</span> 
     </span>
     <span class='ocr_line' id='line_1_26' title="bbox 165 1429 1145 1474; baseline -0.008 -8"><span class='ocrx_word' id='word_1_168' title='bbox 165 1432 357 1466; x_wconf 81' lang='lat' dir='ltr'>Ecclesiam</span> <span class='ocrx_word' id='word_1_169' title='bbox 388 1432 528 1474; x_wconf 86' lang='lat' dir='ltr'>flagrat,</span> <span class='ocrx_word' id='word_1_170' title='bbox 562 1437 742 1474; x_wconf 85' lang='lat' dir='ltr'>utcunque</span> <span class='ocrx_word' id='word_1_171' title='bbox 765 1429 960 1467; x_wconf 87' lang='lat' dir='ltr'>illustrant,</span> <span class='ocrx_word' id='word_1_172' title='bbox 995 1439 1145 1472; x_wconf 89' lang='lat' dir='ltr'>quorum</span> 
     </span>
     <span class='ocr_line' id='line_1_27' title="bbox 166 1475 1146 1527; baseline -0.007 -12"><span class='ocrx_word' id='word_1_173' title='bbox 166 1483 282 1527; x_wconf 87' lang='lat' dir='ltr'>aliqua</span> <span class='ocrx_word' id='word_1_174' title='bbox 300 1481 414 1515; x_wconf 85' lang='lat' dir='ltr'>statim</span> <span class='ocrx_word' id='word_1_175' title='bbox 435 1481 586 1514; x_wconf 81' lang='lat' dir='ltr'>recitabo</span> <span class='ocrx_word' id='word_1_176' title='bbox 598 1507 607 1519; x_wconf 91' lang='lat'>,</span> <span class='ocrx_word' id='word_1_177' title='bbox 634 1480 732 1523; x_wconf 90' lang='lat' dir='ltr'>prius</span> <span class='ocrx_word' id='word_1_178' title='bbox 748 1479 841 1511; x_wconf 89' lang='lat' dir='ltr'>enim</span> <span class='ocrx_word' id='word_1_179' title='bbox 858 1475 1056 1510; x_wconf 83' lang='lat' dir='ltr'>inchoatam</span> <span class='ocrx_word' id='word_1_180' title='bbox 1074 1476 1146 1508; x_wconf 92' lang='lat' dir='ltr'>col-</span> 
     </span>
     <span class='ocr_line' id='line_1_28' title="bbox 166 1524 1146 1572; baseline -0.007 -8"><span class='ocrx_word' id='word_1_181' title='bbox 166 1533 333 1565; x_wconf 81' lang='lat' dir='ltr'>lationem</span> <span class='ocrx_word' id='word_1_182' title='bbox 363 1530 517 1572; x_wconf 84' lang='lat' dir='ltr'>coniugii</span> <span class='ocrx_word' id='word_1_183' title='bbox 547 1536 580 1562; x_wconf 86' lang='lat' dir='ltr'>et</span> <span class='ocrx_word' id='word_1_184' title='bbox 610 1529 778 1567; x_wconf 86' lang='lat' dir='ltr'>foederis,</span> <span class='ocrx_word' id='word_1_185' title='bbox 812 1528 907 1572; x_wconf 83' lang='lat' dir='ltr'>quod</span> <span class='ocrx_word' id='word_1_186' title='bbox 931 1533 981 1559; x_wconf 86' lang='lat' dir='ltr'>est</span> <span class='ocrx_word' id='word_1_187' title='bbox 1005 1524 1146 1560; x_wconf 85' lang='lat' dir='ltr'>Christo</span> 
     </span>
     <span class='ocr_line' id='line_1_29' title="bbox 167 1580 625 1624; baseline -0.004 -9"><span class='ocrx_word' id='word_1_188' title='bbox 167 1594 246 1615; x_wconf 88' lang='lat' dir='ltr'>cum</span> <span class='ocrx_word' id='word_1_189' title='bbox 262 1580 419 1615; x_wconf 87' lang='lat' dir='ltr'>Ecclesia</span> <span class='ocrx_word' id='word_1_190' title='bbox 437 1585 625 1624; x_wconf 83' lang='lat' dir='ltr'>pertexam.</span> 
     </span>
    </p>
   </div>
   <div class='ocr_carea' id='block_1_4' title="bbox 169 1645 1156 2435">
    <p class='ocr_par' dir='ltr' id='par_1_4' title="bbox 169 1645 1156 2435">
     <span class='ocr_line' id='line_1_30' title="bbox 269 1645 1148 1687; baseline -0.007 -8"><span class='ocrx_word' id='word_1_191' title='bbox 269 1646 317 1680; x_wconf 89' lang='lat' dir='ltr'>Ut</span> <span class='ocrx_word' id='word_1_192' title='bbox 333 1647 424 1679; x_wconf 91' lang='lat' dir='ltr'>enim</span> <span class='ocrx_word' id='word_1_193' title='bbox 441 1646 477 1677; x_wconf 91' lang='lat' dir='ltr'>in</span> <span class='ocrx_word' id='word_1_194' title='bbox 495 1645 657 1687; x_wconf 88' lang='lat' dir='ltr'>coniugio</span> <span class='ocrx_word' id='word_1_195' title='bbox 675 1645 717 1676; x_wconf 90' lang='lat' dir='ltr'>ad</span> <span class='ocrx_word' id='word_1_196' title='bbox 741 1655 894 1676; x_wconf 90' lang='lat' dir='ltr'>amorem</span> <span class='ocrx_word' id='word_1_197' title='bbox 911 1649 1073 1675; x_wconf 90' lang='lat' dir='ltr'>mutuum</span> <span class='ocrx_word' id='word_1_198' title='bbox 1091 1653 1148 1673; x_wconf 91' lang='lat' dir='ltr'>ac-</span> 
     </span>
     <span class='ocr_line' id='line_1_31' title="bbox 169 1691 1147 1740; baseline -0.007 -10"><span class='ocrx_word' id='word_1_199' title='bbox 169 1697 259 1731; x_wconf 87' lang='lat' dir='ltr'>cedit</span> <span class='ocrx_word' id='word_1_200' title='bbox 277 1697 378 1736; x_wconf 78' lang='lat' dir='ltr'>fideS,</span> <span class='ocrx_word' id='word_1_201' title='bbox 402 1708 470 1740; x_wconf 87' lang='lat' dir='ltr'>qua</span> <span class='ocrx_word' id='word_1_202' title='bbox 486 1701 633 1738; x_wconf 91' lang='lat' dir='ltr'>uterque</span> <span class='ocrx_word' id='word_1_203' title='bbox 649 1694 803 1727; x_wconf 85' lang='lat' dir='ltr'>coniunx</span> <span class='ocrx_word' id='word_1_204' title='bbox 824 1705 924 1726; x_wconf 87' lang='lat' dir='ltr'>suum</span> <span class='ocrx_word' id='word_1_205' title='bbox 943 1703 1068 1736; x_wconf 91' lang='lat' dir='ltr'>corpus</span> <span class='ocrx_word' id='word_1_206' title='bbox 1086 1691 1147 1724; x_wconf 90' lang='lat' dir='ltr'>uni</span> 
     </span>
     <span class='ocr_line' id='line_1_32' title="bbox 169 1747 1149 1788; baseline -0.007 -8"><span class='ocrx_word' id='word_1_207' title='bbox 169 1747 309 1788; x_wconf 82' lang='lat' dir='ltr'>coniugi</span> <span class='ocrx_word' id='word_1_208' title='bbox 326 1752 456 1778; x_wconf 89' lang='lat' dir='ltr'>castum</span> <span class='ocrx_word' id='word_1_209' title='bbox 472 1751 503 1777; x_wconf 90' lang='lat' dir='ltr'>et</span> <span class='ocrx_word' id='word_1_210' title='bbox 522 1751 678 1776; x_wconf 91' lang='lat' dir='ltr'>sanctum</span> <span class='ocrx_word' id='word_1_211' title='bbox 696 1750 826 1783; x_wconf 87' lang='lat' dir='ltr'>servat,</span> <span class='ocrx_word' id='word_1_212' title='bbox 854 1755 891 1776; x_wconf 88' lang='lat' dir='ltr'>ac</span> <span class='ocrx_word' id='word_1_213' title='bbox 908 1754 1029 1776; x_wconf 82' lang='lat' dir='ltr'>omnes</span> <span class='ocrx_word' id='word_1_214' title='bbox 1045 1752 1149 1783; x_wconf 82' lang='lat' dir='ltr'>vagos</span> 
     </span>
     <span class='ocr_line' id='line_1_33' title="bbox 170 1791 1148 1836; baseline -0.006 -7"><span class='ocrx_word' id='word_1_215' title='bbox 170 1799 330 1836; x_wconf 82' lang='lat' dir='ltr'>ardores,</span> <span class='ocrx_word' id='word_1_216' title='bbox 355 1807 393 1828; x_wconf 88' lang='lat' dir='ltr'>ac</span> <span class='ocrx_word' id='word_1_217' title='bbox 407 1794 672 1828; x_wconf 86' lang='lat' dir='ltr'>commixtiones</span> <span class='ocrx_word' id='word_1_218' title='bbox 687 1801 882 1833; x_wconf 83' lang='lat' dir='ltr'>execratur,</span> <span class='ocrx_word' id='word_1_219' title='bbox 908 1794 954 1825; x_wconf 89' lang='lat' dir='ltr'>ita</span> <span class='ocrx_word' id='word_1_220' title='bbox 978 1792 1068 1824; x_wconf 85' lang='lat' dir='ltr'>filius</span> <span class='ocrx_word' id='word_1_221' title='bbox 1084 1791 1148 1824; x_wconf 93' lang='lat' dir='ltr'>Dei</span> 
     </span>
     <span class='ocr_line' id='line_1_34' title="bbox 169 1843 1150 1889; baseline -0.007 -9"><span class='ocrx_word' id='word_1_222' title='bbox 169 1847 311 1881; x_wconf 88' lang='lat' dir='ltr'>unicam</span> <span class='ocrx_word' id='word_1_223' title='bbox 327 1856 501 1889; x_wconf 90' lang='lat' dir='ltr'>sponsam,</span> <span class='ocrx_word' id='word_1_224' title='bbox 518 1851 551 1877; x_wconf 87' lang='lat' dir='ltr'>et</span> <span class='ocrx_word' id='word_1_225' title='bbox 567 1856 641 1876; x_wconf 91' lang='lat' dir='ltr'>eam</span> <span class='ocrx_word' id='word_1_226' title='bbox 658 1844 766 1876; x_wconf 91' lang='lat' dir='ltr'>solam</span> <span class='ocrx_word' id='word_1_227' title='bbox 785 1843 1040 1886; x_wconf 85' lang='lat' dir='ltr'>complectitur,</span> <span class='ocrx_word' id='word_1_228' title='bbox 1062 1853 1150 1886; x_wconf 89' lang='lat' dir='ltr'>quae</span> 
     </span>
     <span class='ocr_line' id='line_1_35' title="bbox 170 1893 1150 1937; baseline -0.005 -8"><span class='ocrx_word' id='word_1_229' title='bbox 170 1896 318 1929; x_wconf 88' lang='lat' dir='ltr'>verbum</span> <span class='ocrx_word' id='word_1_230' title='bbox 335 1902 367 1928; x_wconf 89' lang='lat' dir='ltr'>et</span> <span class='ocrx_word' id='word_1_231' title='bbox 385 1894 553 1927; x_wconf 82' lang='lat' dir='ltr'>beneficia</span> <span class='ocrx_word' id='word_1_232' title='bbox 572 1894 679 1937; x_wconf 90' lang='lat' dir='ltr'>ipsius</span> <span class='ocrx_word' id='word_1_233' title='bbox 698 1900 804 1933; x_wconf 90' lang='lat' dir='ltr'>amat,</span> <span class='ocrx_word' id='word_1_234' title='bbox 832 1900 864 1926; x_wconf 92' lang='lat' dir='ltr'>et</span> <span class='ocrx_word' id='word_1_235' title='bbox 883 1893 1066 1936; x_wconf 91' lang='lat' dir='ltr'>puritatem</span> <span class='ocrx_word' id='word_1_236' title='bbox 1086 1893 1150 1924; x_wconf 91' lang='lat' dir='ltr'>do-</span> 
     </span>
     <span class='ocr_line' id='line_1_36' title="bbox 171 1942 1152 1982; baseline -0.005 -3"><span class='ocrx_word' id='word_1_237' title='bbox 171 1946 304 1979; x_wconf 89' lang='lat' dir='ltr'>ctrinae</span> <span class='ocrx_word' id='word_1_238' title='bbox 318 1943 449 1978; x_wconf 88' lang='lat' dir='ltr'>Christi</span> <span class='ocrx_word' id='word_1_239' title='bbox 472 1956 510 1976; x_wconf 91' lang='lat' dir='ltr'>ac</span> <span class='ocrx_word' id='word_1_240' title='bbox 527 1950 820 1976; x_wconf 89' lang='lat' dir='ltr'>sacramentorum</span> <span class='ocrx_word' id='word_1_241' title='bbox 837 1943 979 1982; x_wconf 87' lang='lat' dir='ltr'>retinet,</span> <span class='ocrx_word' id='word_1_242' title='bbox 1006 1954 1078 1974; x_wconf 91' lang='lat' dir='ltr'>non</span> <span class='ocrx_word' id='word_1_243' title='bbox 1096 1942 1152 1974; x_wconf 90' lang='lat' dir='ltr'>di-</span> 
     </span>
     <span class='ocr_line' id='line_1_37' title="bbox 172 1991 1150 2039; baseline -0.004 -11"><span class='ocrx_word' id='word_1_244' title='bbox 172 1996 249 2039; x_wconf 82' lang='lat' dir='ltr'>ligit</span> <span class='ocrx_word' id='word_1_245' title='bbox 263 1994 444 2034; x_wconf 85' lang='lat' dir='ltr'>Turcicos,</span> <span class='ocrx_word' id='word_1_246' title='bbox 468 1991 651 2032; x_wconf 88' lang='lat' dir='ltr'>Ethnicos‚</span> <span class='ocrx_word' id='word_1_247' title='bbox 680 1993 848 2033; x_wconf 87' lang='lat' dir='ltr'>ludaicos,</span> <span class='ocrx_word' id='word_1_248' title='bbox 875 2000 933 2026; x_wconf 90' lang='lat' dir='ltr'>aut</span> <span class='ocrx_word' id='word_1_249' title='bbox 948 1991 1150 2025; x_wconf 88' lang='lat' dir='ltr'>Haeretico-</span> 
     </span>
     <span class='ocr_line' id='line_1_38' title="bbox 173 2041 1151 2085; baseline -0.004 -7"><span class='ocrx_word' id='word_1_250' title='bbox 173 2057 251 2079; x_wconf 82' lang='lat' dir='ltr'>rum</span> <span class='ocrx_word' id='word_1_251' title='bbox 288 2052 414 2077; x_wconf 90' lang='lat' dir='ltr'>coetus.</span> <span class='ocrx_word' id='word_1_252' title='bbox 476 2042 525 2075; x_wconf 86' lang='lat' dir='ltr'>lta</span> <span class='ocrx_word' id='word_1_253' title='bbox 561 2043 710 2075; x_wconf 81' lang='lat' dir='ltr'>vicissim</span> <span class='ocrx_word' id='word_1_254' title='bbox 739 2041 893 2075; x_wconf 85' lang='lat' dir='ltr'>Ecclesia</span> <span class='ocrx_word' id='word_1_255' title='bbox 926 2043 987 2075; x_wconf 91' lang='lat' dir='ltr'>uni</span> <span class='ocrx_word' id='word_1_256' title='bbox 1024 2054 1151 2085; x_wconf 87' lang='lat' dir='ltr'>sponso</span> 
     </span>
     <span class='ocr_line' id='line_1_39' title="bbox 174 2092 1153 2136; baseline -0.005 -8"><span class='ocrx_word' id='word_1_257' title='bbox 174 2093 315 2128; x_wconf 89' lang='lat' dir='ltr'>Christo</span> <span class='ocrx_word' id='word_1_258' title='bbox 340 2095 442 2126; x_wconf 83' lang='lat' dir='ltr'>fidem</span> <span class='ocrx_word' id='word_1_259' title='bbox 468 2099 634 2136; x_wconf 84' lang='lat' dir='ltr'>praestet,</span> <span class='ocrx_word' id='word_1_260' title='bbox 661 2105 733 2125; x_wconf 89' lang='lat' dir='ltr'>non</span> <span class='ocrx_word' id='word_1_261' title='bbox 757 2093 891 2136; x_wconf 87' lang='lat' dir='ltr'>polluat</span> <span class='ocrx_word' id='word_1_262' title='bbox 908 2105 942 2125; x_wconf 87' lang='lat' dir='ltr'>se</span> <span class='ocrx_word' id='word_1_263' title='bbox 962 2092 1153 2125; x_wconf 86' lang='lat' dir='ltr'>idolatricis</span> 
     </span>
     <span class='ocr_line' id='line_1_40' title="bbox 177 2140 1152 2188; baseline -0.003 -11"><span class='ocrx_word' id='word_1_264' title='bbox 177 2144 405 2188; x_wconf 83' lang='lat' dir='ltr'>opinionibus</span> <span class='ocrx_word' id='word_1_265' title='bbox 433 2150 462 2175; x_wconf 89' lang='lat' dir='ltr'>et</span> <span class='ocrx_word' id='word_1_266' title='bbox 486 2143 656 2182; x_wconf 73' lang='lat' dir='ltr'>cultilius,</span> <span class='ocrx_word' id='word_1_267' title='bbox 681 2154 724 2174; x_wconf 89' lang='lat' dir='ltr'>ne</span> <span class='ocrx_word' id='word_1_268' title='bbox 750 2155 768 2174; x_wconf 89' lang='lat' dir='ltr'>a</span> <span class='ocrx_word' id='word_1_269' title='bbox 792 2154 918 2185; x_wconf 89' lang='lat' dir='ltr'>sponso</span> <span class='ocrx_word' id='word_1_270' title='bbox 935 2154 996 2174; x_wconf 90' lang='lat' dir='ltr'>suo</span> <span class='ocrx_word' id='word_1_271' title='bbox 1012 2140 1152 2174; x_wconf 83' lang='lat' dir='ltr'>Christo</span> 
     </span>
     <span class='ocr_line' id='line_1_41' title="bbox 179 2190 1154 2234; baseline -0.003 -8"><span class='ocrx_word' id='word_1_272' title='bbox 179 2195 376 2232; x_wconf 85' lang='lat' dir='ltr'>deseratur,</span> <span class='ocrx_word' id='word_1_273' title='bbox 403 2200 435 2226; x_wconf 89' lang='lat' dir='ltr'>ct</span> <span class='ocrx_word' id='word_1_274' title='bbox 459 2193 495 2224; x_wconf 90' lang='lat' dir='ltr'>in</span> <span class='ocrx_word' id='word_1_275' title='bbox 522 2190 713 2225; x_wconf 84' lang='lat' dir='ltr'>horrendas</span> <span class='ocrx_word' id='word_1_276' title='bbox 736 2203 864 2234; x_wconf 87' lang='lat' dir='ltr'>poenas</span> <span class='ocrx_word' id='word_1_277' title='bbox 882 2192 1043 2224; x_wconf 84' lang='lat' dir='ltr'>adulterii</span> <span class='ocrx_word' id='word_1_278' title='bbox 1067 2192 1154 2223; x_wconf 86' lang='lat' dir='ltr'>inci-</span> 
     </span>
     <span class='ocr_line' id='line_1_42' title="bbox 180 2240 1152 2284; baseline -0.004 -7"><span class='ocrx_word' id='word_1_279' title='bbox 180 2244 250 2277; x_wconf 85' lang='lat' dir='ltr'>dat.</span> <span class='ocrx_word' id='word_1_280' title='bbox 301 2240 353 2274; x_wconf 88' lang='lat' dir='ltr'>Ex</span> <span class='ocrx_word' id='word_1_281' title='bbox 369 2241 431 2274; x_wconf 80' lang='lat' dir='ltr'>hac</span> <span class='ocrx_word' id='word_1_282' title='bbox 448 2242 677 2275; x_wconf 83' lang='lat' dir='ltr'>similitudine</span> <span class='ocrx_word' id='word_1_283' title='bbox 692 2242 770 2274; x_wconf 83' lang='lat' dir='ltr'>fidei</span> <span class='ocrx_word' id='word_1_284' title='bbox 788 2242 999 2283; x_wconf 84' lang='lat' dir='ltr'>coniugalis,</span> <span class='ocrx_word' id='word_1_285' title='bbox 1028 2242 1152 2284; x_wconf 91' lang='lat' dir='ltr'>passim</span> 
     </span>
     <span class='ocr_line' id='line_1_43' title="bbox 180 2289 1155 2335; baseline -0.002 -10"><span class='ocrx_word' id='word_1_286' title='bbox 180 2293 219 2325; x_wconf 86' lang='lat' dir='ltr'>in</span> <span class='ocrx_word' id='word_1_287' title='bbox 245 2289 430 2335; x_wconf 88' lang='lat' dir='ltr'>Prophetis</span> <span class='ocrx_word' id='word_1_288' title='bbox 459 2293 760 2334; x_wconf 80' lang='lat' dir='ltr'>splendidissimae</span> <span class='ocrx_word' id='word_1_289' title='bbox 790 2292 973 2325; x_wconf 87' lang='lat' dir='ltr'>conciones</span> <span class='ocrx_word' id='word_1_290' title='bbox 999 2298 1155 2334; x_wconf 89' lang='lat' dir='ltr'>sumptae</span> 
     </span>
     <span class='ocr_line' id='line_1_44' title="bbox 181 2339 1156 2385; baseline -0.002 -10"><span class='ocrx_word' id='word_1_291' title='bbox 181 2349 274 2382; x_wconf 86' lang='lat' dir='ltr'>sunt,</span> <span class='ocrx_word' id='word_1_292' title='bbox 301 2342 428 2385; x_wconf 89' lang='lat' dir='ltr'>quibus</span> <span class='ocrx_word' id='word_1_293' title='bbox 444 2339 620 2374; x_wconf 81' lang='lat' dir='ltr'>Christum</span> <span class='ocrx_word' id='word_1_294' title='bbox 640 2343 734 2375; x_wconf 88' lang='lat' dir='ltr'>velut</span> <span class='ocrx_word' id='word_1_295' title='bbox 751 2353 931 2385; x_wconf 92' lang='lat' dir='ltr'>sponsum,</span> <span class='ocrx_word' id='word_1_296' title='bbox 958 2339 1070 2374; x_wconf 87' lang='lat' dir='ltr'>Deum</span> <span class='ocrx_word' id='word_1_297' title='bbox 1089 2341 1156 2373; x_wconf 85' lang='lat' dir='ltr'>Ze-</span> 
     </span>
     <span class='ocr_line' id='line_1_45' title="bbox 182 2389 1156 2435; baseline -0.003 -10"><span class='ocrx_word' id='word_1_298' title='bbox 182 2393 292 2431; x_wconf 87' lang='lat' dir='ltr'>loten,</span> <span class='ocrx_word' id='word_1_299' title='bbox 311 2389 501 2424; x_wconf 86' lang='lat' dir='ltr'>Ecclesiam</span> <span class='ocrx_word' id='word_1_300' title='bbox 520 2403 678 2433; x_wconf 79' lang='lat' dir='ltr'>sponsam</span> <span class='ocrx_word' id='word_1_301' title='bbox 698 2392 858 2435; x_wconf 85' lang='lat' dir='ltr'>pudicam</span> <span class='ocrx_word' id='word_1_302' title='bbox 876 2399 907 2424; x_wconf 89' lang='lat' dir='ltr'>et</span> <span class='ocrx_word' id='word_1_303' title='bbox 925 2398 1063 2429; x_wconf 83' lang='lat' dir='ltr'>castam,</span> <span class='ocrx_word' id='word_1_304' title='bbox 1091 2391 1156 2422; x_wconf 87' lang='lat' dir='ltr'>im-</span> 
     </span>
    </p>
   </div>
   <div class='ocr_carea' id='block_1_5' title="bbox 183 2440 1156 2533">
    <p class='ocr_par' dir='ltr' id='par_1_5' title="bbox 183 2440 1156 2533">
     <span class='ocr_line' id='line_1_46' title="bbox 183 2440 1156 2485; baseline -0.002 -11"><span class='ocrx_word' id='word_1_305' title='bbox 183 2443 260 2485; x_wconf 90' lang='lat' dir='ltr'>pios</span> <span class='ocrx_word' id='word_1_306' title='bbox 276 2453 356 2473; x_wconf 84' lang='lat' dir='ltr'>vero</span> <span class='ocrx_word' id='word_1_307' title='bbox 380 2440 599 2480; x_wconf 84' lang='lat' dir='ltr'>idololatras,</span> <span class='ocrx_word' id='word_1_308' title='bbox 626 2443 717 2475; x_wconf 78' lang='lat' dir='ltr'>velut</span> <span class='ocrx_word' id='word_1_309' title='bbox 742 2442 917 2475; x_wconf 87' lang='lat' dir='ltr'>adulteros</span> <span class='ocrx_word' id='word_1_310' title='bbox 945 2449 976 2475; x_wconf 88' lang='lat' dir='ltr'>et</span> <span class='ocrx_word' id='word_1_311' title='bbox 1006 2441 1156 2473; x_wconf 76' lang='lat' dir='ltr'>fornica-</span> 
     </span>
     <span class='ocr_line' id='line_1_47' title="bbox 184 2490 496 2533; baseline 0 -10"><span class='ocrx_word' id='word_1_312' title='bbox 184 2498 276 2524; x_wconf 82' lang='lat' dir='ltr'>tores</span> <span class='ocrx_word' id='word_1_313' title='bbox 293 2490 496 2533; x_wconf 75' lang='lat' dir='ltr'>depingunt.</span> 
     </span>
    </p>
   </div>
   <div class='ocr_carea' id='block_1_6' title="bbox 284 2556 1156 2601">
    <p class='ocr_par' dir='ltr' id='par_1_6' title="bbox 284 2556 1156 2601">
     <span class='ocr_line' id='line_1_48' title="bbox 284 2556 1156 2601; baseline 0 -11"><span class='ocrx_word' id='word_1_314' title='bbox 284 2556 474 2599; x_wconf 88' lang='lat' dir='ltr'>Praecipue</span> <span class='ocrx_word' id='word_1_315' title='bbox 489 2562 602 2588; x_wconf 87' lang='lat' dir='ltr'>autem</span> <span class='ocrx_word' id='word_1_316' title='bbox 627 2556 776 2589; x_wconf 82' lang='lat' dir='ltr'>foederis</span> <span class='ocrx_word' id='word_1_317' title='bbox 800 2557 992 2600; x_wconf 85' lang='lat' dir='ltr'>coniugalis</span> <span class='ocrx_word' id='word_1_318' title='bbox 1018 2558 1156 2601; x_wconf 87' lang='lat' dir='ltr'>propria</span> 
     </span>
    </p>
   </div>
   <div class='ocr_carea' id='block_1_7' title="bbox 185 2606 1184 2641">
    <p class='ocr_par' dir='ltr' id='par_1_7' title="bbox 185 2606 1184 2641">
     <span class='ocr_line' id='line_1_49' title="bbox 185 2606 1184 2641; baseline 0.002 -2"><span class='ocrx_word' id='word_1_319' title='bbox 185 2613 234 2639; x_wconf 87' lang='lat' dir='ltr'>est</span> <span class='ocrx_word' id='word_1_320' title='bbox 268 2607 412 2639; x_wconf 86' lang='lat' dir='ltr'>societas</span> <span class='ocrx_word' id='word_1_321' title='bbox 442 2606 599 2637; x_wconf 89' lang='lat' dir='ltr'>omnium</span> <span class='ocrx_word' id='word_1_322' title='bbox 633 2606 806 2639; x_wconf 88' lang='lat' dir='ltr'>bonorum</span> <span class='ocrx_word' id='word_1_323' title='bbox 839 2615 871 2641; x_wconf 91' lang='lat' dir='ltr'>et</span> <span class='ocrx_word' id='word_1_324' title='bbox 901 2619 1158 2641; x_wconf 78' lang='lat' dir='ltr'>aerumnarum.</span> <span class='ocrx_word' id='word_1_325' title='bbox 1183 2610 1184 2630; x_wconf 49' lang='grc' dir='ltr'>ἶ</span> 
     </span>
    </p>
   </div>
   <div class='ocr_carea' id='block_1_8' title="bbox 852 131 1465 169">
    <p class='ocr_par' dir='ltr' id='par_1_8' title="bbox 852 131 1465 169">
     <span class='ocr_line' id='line_1_50' title="bbox 852 131 1465 169; baseline -0.003 -1"><span class='ocrx_word' id='word_1_326' title='bbox 852 133 1011 169; x_wconf 90' lang='lat' dir='ltr'>DECL.</span> <span class='ocrx_word' id='word_1_327' title='bbox 1050 132 1123 169; x_wconf 88' lang='lat' dir='ltr'>DE</span> <span class='ocrx_word' id='word_1_328' title='bbox 1156 131 1465 169; x_wconf 87' lang='lat' dir='ltr'>CONIUGIO.</span> 
     </span>
    </p>
   </div>
   <div class='ocr_carea' id='block_1_9' title="bbox 2091 130 2162 165">
    <p class='ocr_par' dir='ltr' id='par_1_9' title="bbox 2091 130 2162 165">
     <span class='ocr_line' id='line_1_51' title="bbox 2091 130 2162 165; baseline 0 0"><span class='ocrx_word' id='word_1_329' title='bbox 2091 130 2162 165; x_wconf 83' lang='lat'>136</span> 
     </span>
    </p>
   </div>
   <div class='ocr_carea' id='block_1_10' title="bbox 1187 211 2174 1197">
    <p class='ocr_par' dir='ltr' id='par_1_10' title="bbox 1187 211 2174 1197">
     <span class='ocr_line' id='line_1_52' title="bbox 1187 211 2164 259; baseline -0.005 -11"><span class='ocrx_word' id='word_1_330' title='bbox 1187 213 1409 259; x_wconf 86' lang='lat' dir='ltr'>sapientiam,</span> <span class='ocrx_word' id='word_1_331' title='bbox 1436 212 1626 252; x_wconf 87' lang='lat' dir='ltr'>iusticiam,</span> <span class='ocrx_word' id='word_1_332' title='bbox 1654 213 1760 245; x_wconf 88' lang='lat' dir='ltr'>vitam</span> <span class='ocrx_word' id='word_1_333' title='bbox 1795 218 1827 245; x_wconf 89' lang='lat' dir='ltr'>et</span> <span class='ocrx_word' id='word_1_334' title='bbox 1859 211 2029 244; x_wconf 87' lang='lat' dir='ltr'>laeticiam</span> <span class='ocrx_word' id='word_1_335' title='bbox 2052 218 2164 244; x_wconf 89' lang='lat' dir='ltr'>aeter-</span> 
     </span>
     <span class='ocr_line' id='line_1_53' title="bbox 1187 261 2164 303; baseline -0.004 -6"><span class='ocrx_word' id='word_1_336' title='bbox 1187 277 1267 298; x_wconf 89' lang='lat' dir='ltr'>nam</span> <span class='ocrx_word' id='word_1_337' title='bbox 1293 262 1469 297; x_wconf 84' lang='lat' dir='ltr'>Ecclesiae</span> <span class='ocrx_word' id='word_1_338' title='bbox 1487 263 1738 303; x_wconf 87' lang='lat' dir='ltr'>communicat,</span> <span class='ocrx_word' id='word_1_339' title='bbox 1772 269 1804 295; x_wconf 91' lang='lat' dir='ltr'>et</span> <span class='ocrx_word' id='word_1_340' title='bbox 1828 262 1865 294; x_wconf 93' lang='lat' dir='ltr'>in</span> <span class='ocrx_word' id='word_1_341' title='bbox 1889 273 1924 294; x_wconf 87' lang='lat' dir='ltr'>se</span> <span class='ocrx_word' id='word_1_342' title='bbox 1943 261 2076 295; x_wconf 84' lang='lat' dir='ltr'>derivat</span> <span class='ocrx_word' id='word_1_343' title='bbox 2098 273 2164 293; x_wconf 92' lang='lat' dir='ltr'>no-</span> 
     </span>
     <span class='ocr_line' id='line_1_54' title="bbox 1189 311 2165 356; baseline -0.006 -8"><span class='ocrx_word' id='word_1_344' title='bbox 1189 323 1274 348; x_wconf 87' lang='lat' dir='ltr'>stras</span> <span class='ocrx_word' id='word_1_345' title='bbox 1291 323 1492 352; x_wconf 89' lang='lat' dir='ltr'>aerumnas,</span> <span class='ocrx_word' id='word_1_346' title='bbox 1521 319 1654 355; x_wconf 85' lang='lat' dir='ltr'>peccata</span> <span class='ocrx_word' id='word_1_347' title='bbox 1673 320 1706 346; x_wconf 88' lang='lat' dir='ltr'>et</span> <span class='ocrx_word' id='word_1_348' title='bbox 1729 323 1879 356; x_wconf 90' lang='lat' dir='ltr'>poenas,</span> <span class='ocrx_word' id='word_1_349' title='bbox 1906 318 1939 344; x_wconf 90' lang='lat' dir='ltr'>et</span> <span class='ocrx_word' id='word_1_350' title='bbox 1955 323 2035 343; x_wconf 83' lang='lat' dir='ltr'>vere</span> <span class='ocrx_word' id='word_1_351' title='bbox 2055 311 2165 343; x_wconf 81' lang='lat' dir='ltr'>affici-</span> 
     </span>
     <span class='ocr_line' id='line_1_55' title="bbox 1188 360 2166 403; baseline -0.008 -4"><span class='ocrx_word' id='word_1_352' title='bbox 1188 373 1246 399; x_wconf 88' lang='lat' dir='ltr'>tur</span> <span class='ocrx_word' id='word_1_353' title='bbox 1260 374 1361 396; x_wconf 92' lang='lat' dir='ltr'>sensu</span> <span class='ocrx_word' id='word_1_354' title='bbox 1378 369 1575 395; x_wconf 88' lang='lat' dir='ltr'>nostrarum</span> <span class='ocrx_word' id='word_1_355' title='bbox 1596 362 1826 397; x_wconf 89' lang='lat' dir='ltr'>miseriarum.</span> <span class='ocrx_word' id='word_1_356' title='bbox 1879 361 2048 403; x_wconf 83' lang='lat' dir='ltr'>Quotidie</span> <span class='ocrx_word' id='word_1_357' title='bbox 2065 360 2166 403; x_wconf 86' lang='lat' dir='ltr'>plura</span> 
     </span>
     <span class='ocr_line' id='line_1_56' title="bbox 1189 410 2167 455; baseline -0.005 -8"><span class='ocrx_word' id='word_1_358' title='bbox 1189 415 1345 447; x_wconf 86' lang='lat' dir='ltr'>membra</span> <span class='ocrx_word' id='word_1_359' title='bbox 1368 410 1543 445; x_wconf 88' lang='lat' dir='ltr'>Ecclesiae</span> <span class='ocrx_word' id='word_1_360' title='bbox 1569 423 1630 454; x_wconf 89' lang='lat' dir='ltr'>per</span> <span class='ocrx_word' id='word_1_361' title='bbox 1652 413 1796 444; x_wconf 84' lang='lat' dir='ltr'>verbum</span> <span class='ocrx_word' id='word_1_362' title='bbox 1828 419 1860 445; x_wconf 91' lang='lat' dir='ltr'>et</span> <span class='ocrx_word' id='word_1_363' title='bbox 1884 411 2055 455; x_wconf 88' lang='lat' dir='ltr'>Spiritum</span> <span class='ocrx_word' id='word_1_364' title='bbox 2086 421 2167 443; x_wconf 82' lang='lat' dir='ltr'>san—</span> 
     </span>
     <span class='ocr_line' id='line_1_57' title="bbox 1191 459 2167 506; baseline -0.006 -8"><span class='ocrx_word' id='word_1_365' title='bbox 1191 471 1284 498; x_wconf 87' lang='lat' dir='ltr'>ctum</span> <span class='ocrx_word' id='word_1_366' title='bbox 1300 462 1422 505; x_wconf 83' lang='lat' dir='ltr'>gignit,</span> <span class='ocrx_word' id='word_1_367' title='bbox 1447 474 1554 506; x_wconf 89' lang='lat' dir='ltr'>eaque</span> <span class='ocrx_word' id='word_1_368' title='bbox 1572 462 1608 493; x_wconf 92' lang='lat' dir='ltr'>in</span> <span class='ocrx_word' id='word_1_369' title='bbox 1623 462 1701 494; x_wconf 89' lang='lat' dir='ltr'>sinu</span> <span class='ocrx_word' id='word_1_370' title='bbox 1718 459 1892 494; x_wconf 85' lang='lat' dir='ltr'>Ecclesiae</span> <span class='ocrx_word' id='word_1_371' title='bbox 1909 468 2075 506; x_wconf 83' lang='lat' dir='ltr'>tanquam</span> <span class='ocrx_word' id='word_1_372' title='bbox 2092 470 2167 492; x_wconf 87' lang='lat' dir='ltr'>ma-</span> 
     </span>
     <span class='ocr_line' id='line_1_58' title="bbox 1191 512 2167 556; baseline -0.006 -9"><span class='ocrx_word' id='word_1_373' title='bbox 1191 515 1253 548; x_wconf 87' lang='lat' dir='ltr'>tris</span> <span class='ocrx_word' id='word_1_374' title='bbox 1275 514 1397 546; x_wconf 88' lang='lat' dir='ltr'>educat</span> <span class='ocrx_word' id='word_1_375' title='bbox 1421 519 1454 546; x_wconf 89' lang='lat' dir='ltr'>et</span> <span class='ocrx_word' id='word_1_376' title='bbox 1480 513 1592 552; x_wconf 85' lang='lat' dir='ltr'>fovet,</span> <span class='ocrx_word' id='word_1_377' title='bbox 1619 518 1652 545; x_wconf 92' lang='lat' dir='ltr'>et</span> <span class='ocrx_word' id='word_1_378' title='bbox 1675 523 1875 556; x_wconf 87' lang='lat' dir='ltr'>quanquam</span> <span class='ocrx_word' id='word_1_379' title='bbox 1898 512 1974 545; x_wconf 87' lang='lat' dir='ltr'>vult</span> <span class='ocrx_word' id='word_1_380' title='bbox 1998 522 2071 543; x_wconf 90' lang='lat' dir='ltr'>eam</span> <span class='ocrx_word' id='word_1_381' title='bbox 2096 520 2167 542; x_wconf 83' lang='lat' dir='ltr'>esse</span> 
     </span>
     <span class='ocr_line' id='line_1_59' title="bbox 1192 560 2168 604; baseline -0.004 -8"><span class='ocrx_word' id='word_1_382' title='bbox 1192 565 1319 597; x_wconf 87' lang='lat' dir='ltr'>sociam</span> <span class='ocrx_word' id='word_1_383' title='bbox 1337 562 1466 602; x_wconf 89' lang='lat' dir='ltr'>crucis,</span> <span class='ocrx_word' id='word_1_384' title='bbox 1491 569 1524 595; x_wconf 88' lang='lat' dir='ltr'>et</span> <span class='ocrx_word' id='word_1_385' title='bbox 1541 562 1755 595; x_wconf 85' lang='lat' dir='ltr'>conformem</span> <span class='ocrx_word' id='word_1_386' title='bbox 1778 561 1937 604; x_wconf 86' lang='lat' dir='ltr'>imaginis</span> <span class='ocrx_word' id='word_1_387' title='bbox 1953 560 2091 604; x_wconf 91' lang='lat' dir='ltr'>sponsi,</span> <span class='ocrx_word' id='word_1_388' title='bbox 2118 566 2168 592; x_wconf 91' lang='lat' dir='ltr'>ta-</span> 
     </span>
     <span class='ocr_line' id='line_1_60' title="bbox 1193 609 2169 655; baseline -0.005 -8"><span class='ocrx_word' id='word_1_389' title='bbox 1193 626 1273 647; x_wconf 90' lang='lat' dir='ltr'>men</span> <span class='ocrx_word' id='word_1_390' title='bbox 1290 613 1425 655; x_wconf 87' lang='lat' dir='ltr'>mitigat</span> <span class='ocrx_word' id='word_1_391' title='bbox 1442 612 1671 652; x_wconf 85' lang='lat' dir='ltr'>adflictiones,</span> <span class='ocrx_word' id='word_1_392' title='bbox 1697 611 1852 644; x_wconf 89' lang='lat' dir='ltr'>defendit</span> <span class='ocrx_word' id='word_1_393' title='bbox 1869 622 1942 643; x_wconf 90' lang='lat' dir='ltr'>eam</span> <span class='ocrx_word' id='word_1_394' title='bbox 1960 617 2079 643; x_wconf 89' lang='lat' dir='ltr'>contra</span> <span class='ocrx_word' id='word_1_395' title='bbox 2093 609 2169 642; x_wconf 87' lang='lat' dir='ltr'>dia-</span> 
     </span>
     <span class='ocr_line' id='line_1_61' title="bbox 1195 660 2170 708; baseline -0.006 -11"><span class='ocrx_word' id='word_1_396' title='bbox 1195 665 1314 704; x_wconf 90' lang='lat' dir='ltr'>bolos,</span> <span class='ocrx_word' id='word_1_397' title='bbox 1348 670 1534 708; x_wconf 78' lang='lat' dir='ltr'>tyrannos,</span> <span class='ocrx_word' id='word_1_398' title='bbox 1572 660 1781 701; x_wconf 86' lang='lat' dir='ltr'>haereticos,</span> <span class='ocrx_word' id='word_1_399' title='bbox 1814 668 1928 693; x_wconf 88' lang='lat' dir='ltr'>servat</span> <span class='ocrx_word' id='word_1_400' title='bbox 1958 670 2104 703; x_wconf 84' lang='lat' dir='ltr'>corpuS,</span> <span class='ocrx_word' id='word_1_401' title='bbox 2137 665 2170 691; x_wconf 87' lang='lat' dir='ltr'>et</span> 
     </span>
     <span class='ocr_line' id='line_1_62' title="bbox 1195 709 2169 755; baseline -0.005 -8"><span class='ocrx_word' id='word_1_402' title='bbox 1195 715 1232 747; x_wconf 89' lang='lat' dir='ltr'>in</span> <span class='ocrx_word' id='word_1_403' title='bbox 1255 713 1367 746; x_wconf 90' lang='lat' dir='ltr'>media</span> <span class='ocrx_word' id='word_1_404' title='bbox 1391 718 1502 745; x_wconf 91' lang='lat' dir='ltr'>morte</span> <span class='ocrx_word' id='word_1_405' title='bbox 1520 713 1579 744; x_wconf 90' lang='lat' dir='ltr'>dat</span> <span class='ocrx_word' id='word_1_406' title='bbox 1598 712 1703 745; x_wconf 87' lang='lat' dir='ltr'>vitam</span> <span class='ocrx_word' id='word_1_407' title='bbox 1723 709 1795 752; x_wconf 90' lang='lat' dir='ltr'>his,</span> <span class='ocrx_word' id='word_1_408' title='bbox 1822 711 1881 755; x_wconf 91' lang='lat' dir='ltr'>qui</span> <span class='ocrx_word' id='word_1_409' title='bbox 1900 710 2169 743; x_wconf 79' lang='lat' dir='ltr'>interficiuntur.</span> 
     </span>
     <span class='ocr_line' id='line_1_63' title="bbox 1196 760 2171 806; baseline -0.004 -10"><span class='ocrx_word' id='word_1_410' title='bbox 1196 764 1357 797; x_wconf 59' lang='lat' dir='ltr'>Vicissim</span> <span class='ocrx_word' id='word_1_411' title='bbox 1376 761 1529 796; x_wconf 85' lang='lat' dir='ltr'>Ecclesia</span> <span class='ocrx_word' id='word_1_412' title='bbox 1547 773 1608 794; x_wconf 88' lang='lat' dir='ltr'>sua</span> <span class='ocrx_word' id='word_1_413' title='bbox 1625 774 1763 806; x_wconf 85' lang='lat' dir='ltr'>quoque</span> <span class='ocrx_word' id='word_1_414' title='bbox 1781 761 2089 805; x_wconf 87' lang='lat' dir='ltr'>quantulacunque</span> <span class='ocrx_word' id='word_1_415' title='bbox 2107 760 2171 792; x_wconf 87' lang='lat' dir='ltr'>bo-</span> 
     </span>
     <span class='ocr_line' id='line_1_64' title="bbox 1195 810 2170 854; baseline -0.004 -8"><span class='ocrx_word' id='word_1_416' title='bbox 1195 826 1250 854; x_wconf 88' lang='lat' dir='ltr'>na,</span> <span class='ocrx_word' id='word_1_417' title='bbox 1269 814 1428 846; x_wconf 81' lang='lat' dir='ltr'>videlicet</span> <span class='ocrx_word' id='word_1_418' title='bbox 1441 824 1557 844; x_wconf 82' lang='lat' dir='ltr'>veram</span> <span class='ocrx_word' id='word_1_419' title='bbox 1574 812 1842 849; x_wconf 85' lang='lat' dir='ltr'>invocationem,</span> <span class='ocrx_word' id='word_1_420' title='bbox 1861 811 2047 853; x_wconf 85' lang='lat' dir='ltr'>gratiarum</span> <span class='ocrx_word' id='word_1_421' title='bbox 2062 810 2170 844; x_wconf 87' lang='lat' dir='ltr'>actio-</span> 
     </span>
     <span class='ocr_line' id='line_1_65' title="bbox 1195 858 2169 904; baseline -0.004 -8"><span class='ocrx_word' id='word_1_422' title='bbox 1195 877 1295 904; x_wconf 87' lang='lat' dir='ltr'>nem,</span> <span class='ocrx_word' id='word_1_423' title='bbox 1337 862 1623 901; x_wconf 89' lang='lat' dir='ltr'>celebrationem,</span> <span class='ocrx_word' id='word_1_424' title='bbox 1665 873 1742 894; x_wconf 88' lang='lat' dir='ltr'>cum</span> <span class='ocrx_word' id='word_1_425' title='bbox 1777 873 1839 894; x_wconf 92' lang='lat' dir='ltr'>suo</span> <span class='ocrx_word' id='word_1_426' title='bbox 1870 872 1996 903; x_wconf 89' lang='lat' dir='ltr'>sponso</span> <span class='ocrx_word' id='word_1_427' title='bbox 2027 858 2169 894; x_wconf 87' lang='lat' dir='ltr'>Christo</span> 
     </span>
     <span class='ocr_line' id='line_1_66' title="bbox 1195 909 2171 947; baseline -0.004 0"><span class='ocrx_word' id='word_1_428' title='bbox 1195 913 1438 947; x_wconf 86' lang='lat' dir='ltr'>communicat.</span> <span class='ocrx_word' id='word_1_429' title='bbox 1492 911 1572 944; x_wconf 92' lang='lat' dir='ltr'>ldeo</span> <span class='ocrx_word' id='word_1_430' title='bbox 1592 911 1684 943; x_wconf 92' lang='lat' dir='ltr'>euim</span> <span class='ocrx_word' id='word_1_431' title='bbox 1701 909 1854 944; x_wconf 85' lang='lat' dir='ltr'>Ecclesia</span> <span class='ocrx_word' id='word_1_432' title='bbox 1872 911 1976 943; x_wconf 89' lang='lat' dir='ltr'>electa</span> <span class='ocrx_word' id='word_1_433' title='bbox 1995 916 2043 942; x_wconf 86' lang='lat' dir='ltr'>est</span> <span class='ocrx_word' id='word_1_434' title='bbox 2060 918 2094 944; x_wconf 91' lang='lat' dir='ltr'>et</span> <span class='ocrx_word' id='word_1_435' title='bbox 2111 911 2171 943; x_wconf 92' lang='lat' dir='ltr'>de-</span> 
     </span>
     <span class='ocr_line' id='line_1_67' title="bbox 1196 960 2172 1007; baseline -0.004 -11"><span class='ocrx_word' id='word_1_436' title='bbox 1196 970 1375 1007; x_wconf 82' lang='lat' dir='ltr'>sponsata,</span> <span class='ocrx_word' id='word_1_437' title='bbox 1402 975 1440 995; x_wconf 88' lang='lat' dir='ltr'>ac</span> <span class='ocrx_word' id='word_1_438' title='bbox 1460 963 1496 994; x_wconf 92' lang='lat' dir='ltr'>in</span> <span class='ocrx_word' id='word_1_439' title='bbox 1515 961 1777 994; x_wconf 88' lang='lat' dir='ltr'>matrimonium</span> <span class='ocrx_word' id='word_1_440' title='bbox 1796 961 1921 994; x_wconf 88' lang='lat' dir='ltr'>tradita</span> <span class='ocrx_word' id='word_1_441' title='bbox 1939 961 2010 993; x_wconf 80' lang='lat' dir='ltr'>filio</span> <span class='ocrx_word' id='word_1_442' title='bbox 2029 960 2106 998; x_wconf 85' lang='lat' dir='ltr'>Dei,</span> <span class='ocrx_word' id='word_1_443' title='bbox 2133 966 2172 993; x_wconf 85' lang='lat' dir='ltr'>ut</span> 
     </span>
     <span class='ocr_line' id='line_1_68' title="bbox 1196 1008 2172 1056; baseline -0.004 -10"><span class='ocrx_word' id='word_1_444' title='bbox 1196 1020 1375 1047; x_wconf 83' lang='lat' dir='ltr'>aeternum</span> <span class='ocrx_word' id='word_1_445' title='bbox 1411 1019 1545 1056; x_wconf 82' lang='lat' dir='ltr'>patrem</span> <span class='ocrx_word' id='word_1_446' title='bbox 1576 1012 1836 1044; x_wconf 89' lang='lat' dir='ltr'>conciliatorem</span> <span class='ocrx_word' id='word_1_447' title='bbox 1870 1008 1995 1043; x_wconf 87' lang='lat' dir='ltr'>harum</span> <span class='ocrx_word' id='word_1_448' title='bbox 2028 1010 2172 1053; x_wconf 90' lang='lat' dir='ltr'>nuptia-</span> 
     </span>
     <span class='ocr_line' id='line_1_69' title="bbox 1196 1059 2173 1105; baseline -0.004 -9"><span class='ocrx_word' id='word_1_449' title='bbox 1196 1076 1294 1103; x_wconf 88' lang='lat' dir='ltr'>rum,</span> <span class='ocrx_word' id='word_1_450' title='bbox 1334 1069 1367 1095; x_wconf 88' lang='lat' dir='ltr'>et</span> <span class='ocrx_word' id='word_1_451' title='bbox 1395 1063 1504 1095; x_wconf 83' lang='lat' dir='ltr'>filium</span> <span class='ocrx_word' id='word_1_452' title='bbox 1533 1061 1599 1095; x_wconf 86' lang='lat' dir='ltr'>Dei</span> <span class='ocrx_word' id='word_1_453' title='bbox 1632 1073 1799 1105; x_wconf 88' lang='lat' dir='ltr'>sponsum</span> <span class='ocrx_word' id='word_1_454' title='bbox 1834 1072 1903 1093; x_wconf 92' lang='lat' dir='ltr'>una</span> <span class='ocrx_word' id='word_1_455' title='bbox 1932 1072 2008 1093; x_wconf 88' lang='lat' dir='ltr'>cum</span> <span class='ocrx_word' id='word_1_456' title='bbox 2038 1059 2173 1104; x_wconf 87' lang='lat' dir='ltr'>Spiritu</span> 
     </span>
     <span class='ocr_line' id='line_1_70' title="bbox 1195 1110 2174 1157; baseline -0.005 -10"><span class='ocrx_word' id='word_1_457' title='bbox 1195 1120 1332 1153; x_wconf 88' lang='lat' dir='ltr'>sancto,</span> <span class='ocrx_word' id='word_1_458' title='bbox 1359 1113 1417 1157; x_wconf 86' lang='lat' dir='ltr'>qui</span> <span class='ocrx_word' id='word_1_459' title='bbox 1445 1119 1494 1145; x_wconf 90' lang='lat' dir='ltr'>est</span> <span class='ocrx_word' id='word_1_460' title='bbox 1518 1123 1626 1144; x_wconf 87' lang='lat' dir='ltr'>nexus</span> <span class='ocrx_word' id='word_1_461' title='bbox 1652 1112 1765 1145; x_wconf 89' lang='lat' dir='ltr'>mutui</span> <span class='ocrx_word' id='word_1_462' title='bbox 1789 1110 1938 1150; x_wconf 88' lang='lat' dir='ltr'>amoris,</span> <span class='ocrx_word' id='word_1_463' title='bbox 1965 1111 2008 1143; x_wconf 90' lang='lat' dir='ltr'>ad</span> <span class='ocrx_word' id='word_1_464' title='bbox 2033 1122 2174 1143; x_wconf 87' lang='lat' dir='ltr'>omnem</span> 
     </span>
     <span class='ocr_line' id='line_1_71' title="bbox 1197 1163 1617 1197; baseline -0.005 0"><span class='ocrx_word' id='word_1_465' title='bbox 1197 1164 1439 1197; x_wconf 83' lang='lat' dir='ltr'>aerernitatem</span> <span class='ocrx_word' id='word_1_466' title='bbox 1457 1163 1617 1195; x_wconf 82' lang='lat' dir='ltr'>celebret.</span> 
     </span>
    </p>
   </div>
   <div class='ocr_carea' id='block_1_11' title="bbox 1197 1216 2177 1611">
    <p class='ocr_par' dir='ltr' id='par_1_11' title="bbox 1197 1216 2177 1611">
     <span class='ocr_line' id='line_1_72' title="bbox 1296 1216 2177 1262; baseline -0.002 -9"><span class='ocrx_word' id='word_1_467' title='bbox 1296 1220 1396 1253; x_wconf 51' lang='lat' dir='ltr'>I‘Lsnc</span> <span class='ocrx_word' id='word_1_468' title='bbox 1412 1220 1646 1253; x_wconf 83' lang='lat' dir='ltr'>dulcissimam</span> <span class='ocrx_word' id='word_1_469' title='bbox 1666 1218 1851 1262; x_wconf 87' lang='lat' dir='ltr'>imaginem</span> <span class='ocrx_word' id='word_1_470' title='bbox 1879 1218 2029 1251; x_wconf 89' lang='lat' dir='ltr'>foederis</span> <span class='ocrx_word' id='word_1_471' title='bbox 2045 1216 2177 1253; x_wconf 88' lang='lat' dir='ltr'>Christi</span> 
     </span>
     <span class='ocr_line' id='line_1_73' title="bbox 1197 1266 2175 1312; baseline -0.004 -8"><span class='ocrx_word' id='word_1_472' title='bbox 1197 1278 1229 1305; x_wconf 88' lang='lat' dir='ltr'>et</span> <span class='ocrx_word' id='word_1_473' title='bbox 1250 1269 1445 1309; x_wconf 85' lang='lat' dir='ltr'>Ecclesiae,</span> <span class='ocrx_word' id='word_1_474' title='bbox 1471 1277 1503 1302; x_wconf 86' lang='lat' dir='ltr'>et</span> <span class='ocrx_word' id='word_1_475' title='bbox 1530 1269 1689 1301; x_wconf 86' lang='lat' dir='ltr'>immensi</span> <span class='ocrx_word' id='word_1_476' title='bbox 1715 1269 1861 1306; x_wconf 92' lang='lat' dir='ltr'>amoris,</span> <span class='ocrx_word' id='word_1_477' title='bbox 1888 1280 1958 1312; x_wconf 89' lang='lat' dir='ltr'>quo</span> <span class='ocrx_word' id='word_1_478' title='bbox 1980 1280 2054 1301; x_wconf 88' lang='lat' dir='ltr'>eam</span> <span class='ocrx_word' id='word_1_479' title='bbox 2070 1266 2175 1301; x_wconf 89' lang='lat' dir='ltr'>Chri-</span> 
     </span>
     <span class='ocr_line' id='line_1_74' title="bbox 1197 1318 2177 1362; baseline -0.002 -10"><span class='ocrx_word' id='word_1_480' title='bbox 1197 1328 1268 1354; x_wconf 89' lang='lat' dir='ltr'>stus</span> <span class='ocrx_word' id='word_1_481' title='bbox 1301 1319 1560 1362; x_wconf 87' lang='lat' dir='ltr'>complectitur,</span> <span class='ocrx_word' id='word_1_482' title='bbox 1603 1319 1729 1360; x_wconf 85' lang='lat' dir='ltr'>pictam</span> <span class='ocrx_word' id='word_1_483' title='bbox 1759 1318 1796 1348; x_wconf 91' lang='lat' dir='ltr'>in</span> <span class='ocrx_word' id='word_1_484' title='bbox 1826 1318 1967 1349; x_wconf 85' lang='lat' dir='ltr'>foedere</span> <span class='ocrx_word' id='word_1_485' title='bbox 1991 1319 2177 1360; x_wconf 84' lang='lat' dir='ltr'>coniugali,</span> 
     </span>
     <span class='ocr_line' id='line_1_75' title="bbox 1197 1367 2176 1411; baseline -0.001 -9"><span class='ocrx_word' id='word_1_486' title='bbox 1197 1369 1419 1402; x_wconf 85' lang='lat' dir='ltr'>considerare</span> <span class='ocrx_word' id='word_1_487' title='bbox 1436 1368 1501 1411; x_wconf 89' lang='lat' dir='ltr'>piis</span> <span class='ocrx_word' id='word_1_488' title='bbox 1517 1367 1736 1410; x_wconf 78' lang='lat' dir='ltr'>coniugibus,</span> <span class='ocrx_word' id='word_1_489' title='bbox 1760 1372 1793 1399; x_wconf 86' lang='lat' dir='ltr'>et</span> <span class='ocrx_word' id='word_1_490' title='bbox 1809 1377 1888 1399; x_wconf 86' lang='lat' dir='ltr'>vera</span> <span class='ocrx_word' id='word_1_491' title='bbox 1906 1378 1946 1399; x_wconf 91' lang='lat' dir='ltr'>ac</span> <span class='ocrx_word' id='word_1_492' title='bbox 1961 1368 2099 1401; x_wconf 90' lang='lat' dir='ltr'>ardenti</span> <span class='ocrx_word' id='word_1_493' title='bbox 2114 1368 2176 1401; x_wconf 87' lang='lat' dir='ltr'>be-</span> 
     </span>
     <span class='ocr_line' id='line_1_76' title="bbox 1198 1416 2176 1458; baseline 0.001 -8"><span class='ocrx_word' id='word_1_494' title='bbox 1198 1419 1397 1451; x_wconf 85' lang='lat' dir='ltr'>nevolentia</span> <span class='ocrx_word' id='word_1_495' title='bbox 1414 1429 1486 1449; x_wconf 87' lang='lat' dir='ltr'>sese</span> <span class='ocrx_word' id='word_1_496' title='bbox 1503 1423 1625 1449; x_wconf 89' lang='lat' dir='ltr'>mutuo</span> <span class='ocrx_word' id='word_1_497' title='bbox 1650 1416 1979 1458; x_wconf 88' lang='lat' dir='ltr'>complectentibus,</span> <span class='ocrx_word' id='word_1_498' title='bbox 2006 1418 2106 1450; x_wconf 86' lang='lat' dir='ltr'>valde</span> <span class='ocrx_word' id='word_1_499' title='bbox 2122 1418 2176 1451; x_wconf 90' lang='lat' dir='ltr'>iu-</span> 
     </span>
     <span class='ocr_line' id='line_1_77' title="bbox 1198 1465 2176 1512; baseline 0.001 -12"><span class='ocrx_word' id='word_1_500' title='bbox 1198 1469 1351 1501; x_wconf 88' lang='lat' dir='ltr'>cundum</span> <span class='ocrx_word' id='word_1_501' title='bbox 1375 1473 1407 1499; x_wconf 89' lang='lat' dir='ltr'>et</span> <span class='ocrx_word' id='word_1_502' title='bbox 1422 1472 1556 1508; x_wconf 87' lang='lat' dir='ltr'>gratum</span> <span class='ocrx_word' id='word_1_503' title='bbox 1576 1473 1643 1505; x_wconf 87' lang='lat' dir='ltr'>est,</span> <span class='ocrx_word' id='word_1_504' title='bbox 1670 1477 1708 1497; x_wconf 90' lang='lat' dir='ltr'>ac</span> <span class='ocrx_word' id='word_1_505' title='bbox 1725 1465 1762 1496; x_wconf 90' lang='lat' dir='ltr'>in</span> <span class='ocrx_word' id='word_1_506' title='bbox 1779 1465 2061 1507; x_wconf 81' lang='lat' dir='ltr'>difficultatibus,</span> <span class='ocrx_word' id='word_1_507' title='bbox 2088 1479 2176 1512; x_wconf 88' lang='lat' dir='ltr'>quae</span> 
     </span>
     <span class='ocr_line' id='line_1_78' title="bbox 1199 1515 2177 1561; baseline 0 -11"><span class='ocrx_word' id='word_1_508' title='bbox 1199 1516 1263 1550; x_wconf 87' lang='lat' dir='ltr'>boc</span> <span class='ocrx_word' id='word_1_509' title='bbox 1287 1529 1395 1559; x_wconf 83' lang='lat' dir='ltr'>genus</span> <span class='ocrx_word' id='word_1_510' title='bbox 1412 1517 1502 1549; x_wconf 91' lang='lat' dir='ltr'>vitae</span> <span class='ocrx_word' id='word_1_511' title='bbox 1524 1516 1717 1560; x_wconf 88' lang='lat' dir='ltr'>plerunque</span> <span class='ocrx_word' id='word_1_512' title='bbox 1741 1515 1900 1548; x_wconf 84' lang='lat' dir='ltr'>comitari</span> <span class='ocrx_word' id='word_1_513' title='bbox 1918 1516 2050 1558; x_wconf 88' lang='lat' dir='ltr'>solent,</span> <span class='ocrx_word' id='word_1_514' title='bbox 2075 1529 2177 1561; x_wconf 88' lang='lat' dir='ltr'>prae-</span> 
     </span>
     <span class='ocr_line' id='line_1_79' title="bbox 1199 1566 1768 1611; baseline -0.004 -11"><span class='ocrx_word' id='word_1_515' title='bbox 1199 1568 1335 1611; x_wconf 88' lang='lat' dir='ltr'>cipuam</span> <span class='ocrx_word' id='word_1_516' title='bbox 1355 1567 1629 1599; x_wconf 88' lang='lat' dir='ltr'>consolationem</span> <span class='ocrx_word' id='word_1_517' title='bbox 1646 1566 1768 1598; x_wconf 87' lang='lat' dir='ltr'>adfert.</span> 
     </span>
    </p>
   </div>
   <div class='ocr_carea' id='block_1_12' title="bbox 1198 1620 2179 2021">
    <p class='ocr_par' dir='ltr' id='par_1_12' title="bbox 1198 1620 2179 2021">
     <span class='ocr_line' id='line_1_80' title="bbox 1298 1620 2177 1660; baseline 0.002 -2"><span class='ocrx_word' id='word_1_518' title='bbox 1298 1625 1375 1659; x_wconf 84' lang='lat' dir='ltr'>Fiet</span> <span class='ocrx_word' id='word_1_519' title='bbox 1394 1631 1508 1656; x_wconf 84' lang='lat' dir='ltr'>autem</span> <span class='ocrx_word' id='word_1_520' title='bbox 1533 1624 1706 1657; x_wconf 85' lang='lat' dir='ltr'>illustrior</span> <span class='ocrx_word' id='word_1_521' title='bbox 1723 1620 1806 1656; x_wconf 90' lang='lat' dir='ltr'>haec</span> <span class='ocrx_word' id='word_1_522' title='bbox 1828 1624 2059 1658; x_wconf 88' lang='lat' dir='ltr'>consideratio</span> <span class='ocrx_word' id='word_1_523' title='bbox 2080 1637 2177 1660; x_wconf 88' lang='lat' dir='ltr'>amo—</span> 
     </span>
     <span class='ocr_line' id='line_1_81' title="bbox 1198 1673 2179 1718; baseline 0.001 -9"><span class='ocrx_word' id='word_1_524' title='bbox 1198 1677 1246 1709; x_wconf 91' lang='lat' dir='ltr'>ris</span> <span class='ocrx_word' id='word_1_525' title='bbox 1273 1682 1304 1708; x_wconf 81' lang='lat' dir='ltr'>et</span> <span class='ocrx_word' id='word_1_526' title='bbox 1328 1675 1407 1707; x_wconf 84' lang='lat' dir='ltr'>fidei</span> <span class='ocrx_word' id='word_1_527' title='bbox 1431 1673 1641 1716; x_wconf 76' lang='lat' dir='ltr'>coniugalis,</span> <span class='ocrx_word' id='word_1_528' title='bbox 1673 1685 1752 1706; x_wconf 90' lang='lat' dir='ltr'>cum</span> <span class='ocrx_word' id='word_1_529' title='bbox 1779 1674 1934 1718; x_wconf 85' lang='lat' dir='ltr'>exempla</span> <span class='ocrx_word' id='word_1_530' title='bbox 1961 1675 2179 1710; x_wconf 85' lang='lat' dir='ltr'>intuebimur</span> 
     </span>
     <span class='ocr_line' id='line_1_82' title="bbox 1200 1724 2178 1769; baseline 0.001 -10"><span class='ocrx_word' id='word_1_531' title='bbox 1200 1725 1443 1767; x_wconf 84' lang='lat' dir='ltr'>coniugiorum</span> <span class='ocrx_word' id='word_1_532' title='bbox 1467 1724 1644 1756; x_wconf 84' lang='lat' dir='ltr'>foelicium</span> <span class='ocrx_word' id='word_1_533' title='bbox 1667 1730 1699 1757; x_wconf 88' lang='lat' dir='ltr'>et</span> <span class='ocrx_word' id='word_1_534' title='bbox 1723 1724 1902 1762; x_wconf 89' lang='lat' dir='ltr'>suavium,</span> <span class='ocrx_word' id='word_1_535' title='bbox 1929 1726 2045 1769; x_wconf 86' lang='lat' dir='ltr'>qualia</span> <span class='ocrx_word' id='word_1_536' title='bbox 2068 1727 2105 1759; x_wconf 90' lang='lat' dir='ltr'>in</span> <span class='ocrx_word' id='word_1_537' title='bbox 2123 1739 2178 1760; x_wconf 90' lang='lat' dir='ltr'>sa-</span> 
     </span>
     <span class='ocr_line' id='line_1_83' title="bbox 1200 1772 2177 1816; baseline 0.001 -7"><span class='ocrx_word' id='word_1_538' title='bbox 1200 1776 1266 1809; x_wconf 90' lang='lat' dir='ltr'>cris</span> <span class='ocrx_word' id='word_1_539' title='bbox 1290 1773 1446 1807; x_wconf 87' lang='lat' dir='ltr'>historiis</span> <span class='ocrx_word' id='word_1_540' title='bbox 1471 1774 1671 1807; x_wconf 87' lang='lat' dir='ltr'>reseruntur</span> <span class='ocrx_word' id='word_1_541' title='bbox 1692 1772 1785 1806; x_wconf 87' lang='lat' dir='ltr'>Isaac</span> <span class='ocrx_word' id='word_1_542' title='bbox 1802 1781 1834 1807; x_wconf 89' lang='lat' dir='ltr'>et</span> <span class='ocrx_word' id='word_1_543' title='bbox 1850 1773 2048 1816; x_wconf 88' lang='lat' dir='ltr'>Rebeccae,</span> <span class='ocrx_word' id='word_1_544' title='bbox 2073 1776 2177 1811; x_wconf 89' lang='lat' dir='ltr'>Iacob</span> 
     </span>
     <span class='ocr_line' id='line_1_84' title="bbox 1201 1822 2179 1866; baseline 0.003 -7"><span class='ocrx_word' id='word_1_545' title='bbox 1201 1833 1231 1859; x_wconf 92' lang='lat' dir='ltr'>et</span> <span class='ocrx_word' id='word_1_546' title='bbox 1254 1822 1404 1864; x_wconf 78' lang='lat' dir='ltr'>Rachel,</span> <span class='ocrx_word' id='word_1_547' title='bbox 1431 1823 1544 1857; x_wconf 87' lang='lat' dir='ltr'>David</span> <span class='ocrx_word' id='word_1_548' title='bbox 1571 1830 1604 1856; x_wconf 80' lang='lat' dir='ltr'>et</span> <span class='ocrx_word' id='word_1_549' title='bbox 1629 1822 1782 1866; x_wconf 81' lang='lat' dir='ltr'>Abigail.</span> <span class='ocrx_word' id='word_1_550' title='bbox 1836 1823 1875 1857; x_wconf 90' lang='lat' dir='ltr'>In</span> <span class='ocrx_word' id='word_1_551' title='bbox 1897 1824 2030 1859; x_wconf 87' lang='lat' dir='ltr'>Graeca</span> <span class='ocrx_word' id='word_1_552' title='bbox 2056 1833 2088 1860; x_wconf 90' lang='lat' dir='ltr'>et</span> <span class='ocrx_word' id='word_1_553' title='bbox 2103 1826 2179 1862; x_wconf 85' lang='lat' dir='ltr'>Ro-</span> 
     </span>
     <span class='ocr_line' id='line_1_85' title="bbox 1201 1872 2178 1917; baseline 0.003 -9"><span class='ocrx_word' id='word_1_554' title='bbox 1201 1887 1303 1908; x_wconf 90' lang='lat' dir='ltr'>mana</span> <span class='ocrx_word' id='word_1_555' title='bbox 1328 1872 1473 1907; x_wconf 90' lang='lat' dir='ltr'>historia</span> <span class='ocrx_word' id='word_1_556' title='bbox 1498 1875 1538 1906; x_wconf 91' lang='lat' dir='ltr'>ad</span> <span class='ocrx_word' id='word_1_557' title='bbox 1566 1874 1776 1917; x_wconf 87' lang='lat' dir='ltr'>posteritatis</span> <span class='ocrx_word' id='word_1_558' title='bbox 1796 1875 2002 1909; x_wconf 86' lang='lat' dir='ltr'>memoriam</span> <span class='ocrx_word' id='word_1_559' title='bbox 2025 1878 2178 1911; x_wconf 88' lang='lat' dir='ltr'>celebra-</span> 
     </span>
     <span class='ocr_line' id='line_1_86' title="bbox 1203 1924 2179 1969; baseline 0.002 -9"><span class='ocrx_word' id='word_1_560' title='bbox 1203 1933 1255 1960; x_wconf 88' lang='lat' dir='ltr'>tae</span> <span class='ocrx_word' id='word_1_561' title='bbox 1272 1932 1353 1959; x_wconf 88' lang='lat' dir='ltr'>sunt</span> <span class='ocrx_word' id='word_1_562' title='bbox 1370 1924 1561 1957; x_wconf 87' lang='lat' dir='ltr'>multorum</span> <span class='ocrx_word' id='word_1_563' title='bbox 1580 1924 1770 1957; x_wconf 88' lang='lat' dir='ltr'>illustrium</span> <span class='ocrx_word' id='word_1_564' title='bbox 1790 1925 2032 1968; x_wconf 83' lang='lat' dir='ltr'>coniugiorum</span> <span class='ocrx_word' id='word_1_565' title='bbox 2049 1928 2179 1969; x_wconf 82' lang='lat' dir='ltr'>laudes,</span> 
     </span>
     <span class='ocr_line' id='line_1_87' title="bbox 1203 1974 1876 2021; baseline -0.001 -12"><span class='ocrx_word' id='word_1_566' title='bbox 1203 1988 1288 2021; x_wconf 84' lang='lat' dir='ltr'>quae</span> <span class='ocrx_word' id='word_1_567' title='bbox 1306 1986 1482 2008; x_wconf 89' lang='lat' dir='ltr'>recensere</span> <span class='ocrx_word' id='word_1_568' title='bbox 1500 1974 1617 2007; x_wconf 88' lang='lat' dir='ltr'>omnia</span> <span class='ocrx_word' id='word_1_569' title='bbox 1633 1986 1704 2006; x_wconf 92' lang='lat' dir='ltr'>non</span> <span class='ocrx_word' id='word_1_570' title='bbox 1722 1986 1876 2018; x_wconf 88' lang='lat' dir='ltr'>possum.</span> 
     </span>
    </p>
   </div>
   <div class='ocr_carea' id='block_1_13' title="bbox 1204 2038 2181 2253">
    <p class='ocr_par' dir='ltr' id='par_1_13' title="bbox 1204 2038 2181 2253">
     <span class='ocr_line' id='line_1_88' title="bbox 1304 2038 2180 2090; baseline 0.006 -15"><span class='ocrx_word' id='word_1_571' title='bbox 1304 2041 1414 2075; x_wconf 89' lang='lat' dir='ltr'>Notae</span> <span class='ocrx_word' id='word_1_572' title='bbox 1442 2047 1523 2074; x_wconf 88' lang='lat' dir='ltr'>sunt</span> <span class='ocrx_word' id='word_1_573' title='bbox 1557 2038 1722 2073; x_wconf 85' lang='lat' dir='ltr'>historiae</span> <span class='ocrx_word' id='word_1_574' title='bbox 1754 2040 1938 2086; x_wconf 91' lang='lat' dir='ltr'>Penelopis</span> <span class='ocrx_word' id='word_1_575' title='bbox 1970 2050 2003 2076; x_wconf 91' lang='lat' dir='ltr'>et</span> <span class='ocrx_word' id='word_1_576' title='bbox 2034 2043 2180 2090; x_wconf 87' lang='lat' dir='ltr'>Ulyssis,</span> 
     </span>
     <span class='ocr_line' id='line_1_89' title="bbox 1205 2090 2181 2137; baseline 0.004 -12"><span class='ocrx_word' id='word_1_577' title='bbox 1205 2091 1346 2126; x_wconf 90' lang='lat' dir='ltr'>Admeti</span> <span class='ocrx_word' id='word_1_578' title='bbox 1381 2099 1414 2124; x_wconf 90' lang='lat' dir='ltr'>et</span> <span class='ocrx_word' id='word_1_579' title='bbox 1440 2090 1645 2131; x_wconf 84' lang='lat' dir='ltr'>Alcestidis‚</span> <span class='ocrx_word' id='word_1_580' title='bbox 1684 2091 1893 2124; x_wconf 85' lang='lat' dir='ltr'>Laodamiae</span> <span class='ocrx_word' id='word_1_581' title='bbox 1927 2099 1959 2126; x_wconf 93' lang='lat' dir='ltr'>et</span> <span class='ocrx_word' id='word_1_582' title='bbox 1985 2092 2181 2137; x_wconf 84' lang='lat' dir='ltr'>Protesilai,</span> 
     </span>
     <span class='ocr_line' id='line_1_90' title="bbox 1204 2140 2179 2184; baseline 0.004 -9"><span class='ocrx_word' id='word_1_583' title='bbox 1204 2142 1386 2176; x_wconf 89' lang='lat' dir='ltr'>Lucretiae</span> <span class='ocrx_word' id='word_1_584' title='bbox 1402 2148 1435 2174; x_wconf 93' lang='lat' dir='ltr'>et</span> <span class='ocrx_word' id='word_1_585' title='bbox 1452 2140 1636 2181; x_wconf 88' lang='lat' dir='ltr'>Collatini,</span> <span class='ocrx_word' id='word_1_586' title='bbox 1665 2140 1801 2174; x_wconf 84' lang='lat' dir='ltr'>Tiberii</span> <span class='ocrx_word' id='word_1_587' title='bbox 1817 2149 1849 2175; x_wconf 92' lang='lat' dir='ltr'>et</span> <span class='ocrx_word' id='word_1_588' title='bbox 1867 2142 2066 2184; x_wconf 90' lang='lat' dir='ltr'>Corneliae,</span> <span class='ocrx_word' id='word_1_589' title='bbox 2094 2145 2179 2179; x_wconf 84' lang='lat' dir='ltr'>Ful-</span> 
     </span>
     <span class='ocr_line' id='line_1_91' title="bbox 1205 2190 1894 2253; baseline 0 -30"><span class='ocrx_word' id='word_1_590' title='bbox 1205 2194 1252 2225; x_wconf 78' lang='lat' dir='ltr'>vii</span> <span class='ocrx_word' id='word_1_591' title='bbox 1268 2192 1383 2225; x_wconf 83' lang='lat' dir='ltr'>Flacci</span> <span class='ocrx_word' id='word_1_592' title='bbox 1400 2199 1431 2225; x_wconf 94' lang='lat' dir='ltr'>et</span> <span class='ocrx_word' id='word_1_593' title='bbox 1450 2190 1620 2253; x_wconf 64' lang='lat' dir='ltr'>Su·lpitiae</span> <span class='ocrx_word' id='word_1_594' title='bbox 1637 2191 1894 2225; x_wconf 83' lang='lat' dir='ltr'>Paterculanae.</span> 
     </span>
    </p>
   </div>
   <div class='ocr_carea' id='block_1_14' title="bbox 1207 2256 2181 2404">
    <p class='ocr_par' dir='ltr' id='par_1_14' title="bbox 1207 2256 2181 2404">
     <span class='ocr_line' id='line_1_92' title="bbox 1308 2256 2181 2296; baseline 0.006 -5"><span class='ocrx_word' id='word_1_595' title='bbox 1308 2256 1353 2292; x_wconf 85' lang='lat' dir='ltr'>Et</span> <span class='ocrx_word' id='word_1_596' title='bbox 1392 2258 1426 2290; x_wconf 92' lang='lat' dir='ltr'>in</span> <span class='ocrx_word' id='word_1_597' title='bbox 1461 2256 1750 2291; x_wconf 85' lang='lat' dir='ltr'>Germanicarum</span> <span class='ocrx_word' id='word_1_598' title='bbox 1793 2271 1908 2291; x_wconf 89' lang='lat' dir='ltr'>rerum</span> <span class='ocrx_word' id='word_1_599' title='bbox 1944 2264 2181 2296; x_wconf 87' lang='lat' dir='ltr'>monumentis</span> 
     </span>
     <span class='ocr_line' id='line_1_93' title="bbox 1207 2308 2181 2351; baseline 0.005 -10"><span class='ocrx_word' id='word_1_600' title='bbox 1207 2309 1402 2351; x_wconf 87' lang='lat' dir='ltr'>exemplum</span> <span class='ocrx_word' id='word_1_601' title='bbox 1429 2308 1581 2341; x_wconf 88' lang='lat' dir='ltr'>ardentis</span> <span class='ocrx_word' id='word_1_602' title='bbox 1605 2309 1732 2341; x_wconf 87' lang='lat' dir='ltr'>amoris</span> <span class='ocrx_word' id='word_1_603' title='bbox 1758 2316 1788 2342; x_wconf 86' lang='lat' dir='ltr'>et</span> <span class='ocrx_word' id='word_1_604' title='bbox 1813 2309 1890 2341; x_wconf 80' lang='lat' dir='ltr'>fidei</span> <span class='ocrx_word' id='word_1_605' title='bbox 1908 2311 2101 2351; x_wconf 73' lang='lat' dir='ltr'>coniugalis</span> <span class='ocrx_word' id='word_1_606' title='bbox 2119 2314 2181 2346; x_wconf 91' lang='lat' dir='ltr'>ad-</span> 
     </span>
     <span class='ocr_line' id='line_1_94' title="bbox 1208 2356 2181 2404; baseline 0.005 -13"><span class='ocrx_word' id='word_1_607' title='bbox 1208 2360 1351 2392; x_wconf 89' lang='lat' dir='ltr'>modum</span> <span class='ocrx_word' id='word_1_608' title='bbox 1378 2359 1514 2392; x_wconf 89' lang='lat' dir='ltr'>illustre</span> <span class='ocrx_word' id='word_1_609' title='bbox 1543 2365 1634 2392; x_wconf 81' lang='lat' dir='ltr'>extat</span> <span class='ocrx_word' id='word_1_610' title='bbox 1663 2359 1699 2390; x_wconf 92' lang='lat' dir='ltr'>in</span> <span class='ocrx_word' id='word_1_611' title='bbox 1727 2356 1870 2391; x_wconf 84' lang='lat' dir='ltr'>historia</span> <span class='ocrx_word' id='word_1_612' title='bbox 1900 2358 2053 2404; x_wconf 84' lang='lat' dir='ltr'>Gnelphi</span> <span class='ocrx_word' id='word_1_613' title='bbox 2083 2363 2181 2396; x_wconf 89' lang='lat' dir='ltr'>ducis</span> 
     </span>
    </p>
   </div>
   <div class='ocr_carea' id='block_1_15' title="bbox 1182 2407 2181 2506">
    <p class='ocr_par' dir='ltr' id='par_1_15' title="bbox 1182 2407 2181 2506">
     <span class='ocr_line' id='line_1_95' title="bbox 1182 2407 2181 2456; baseline 0.006 -15"><span class='ocrx_word' id='word_1_614' title='bbox 1182 2432 1183 2443; x_wconf 44' lang='lat' dir='ltr'>i</span> <span class='ocrx_word' id='word_1_615' title='bbox 1208 2409 1395 2447; x_wconf 81' lang='lat' dir='ltr'>Bavariae,</span> <span class='ocrx_word' id='word_1_616' title='bbox 1435 2409 1495 2453; x_wconf 89' lang='lat' dir='ltr'>qui</span> <span class='ocrx_word' id='word_1_617' title='bbox 1524 2421 1600 2441; x_wconf 90' lang='lat' dir='ltr'>cum</span> <span class='ocrx_word' id='word_1_618' title='bbox 1632 2421 1650 2441; x_wconf 87' lang='lat' dir='ltr'>a</span> <span class='ocrx_word' id='word_1_619' title='bbox 1674 2407 1836 2441; x_wconf 86' lang='lat' dir='ltr'>Conrado</span> <span class='ocrx_word' id='word_1_620' title='bbox 1868 2409 2074 2453; x_wconf 88' lang='lat' dir='ltr'>imperatore</span> <span class='ocrx_word' id='word_1_621' title='bbox 2105 2421 2181 2456; x_wconf 86' lang='lat' dir='ltr'>post</span> 
     </span>
     <span class='ocr_line' id='line_1_96' title="bbox 1182 2459 2181 2506; baseline 0.006 -16"><span class='ocrx_word' id='word_1_622' title='bbox 1182 2478 1183 2484; x_wconf 32' lang='grc' dir='ltr'><strong>κ</strong></span> <span class='ocrx_word' id='word_1_623' title='bbox 1209 2459 1415 2491; x_wconf 84' lang='lat' dir='ltr'>diuturnum</span> <span class='ocrx_word' id='word_1_624' title='bbox 1442 2466 1472 2491; x_wconf 90' lang='lat' dir='ltr'>et</span> <span class='ocrx_word' id='word_1_625' title='bbox 1497 2471 1620 2502; x_wconf 87' lang='lat' dir='ltr'>anceps</span> <span class='ocrx_word' id='word_1_626' title='bbox 1645 2459 1774 2491; x_wconf 82' lang='lat' dir='ltr'>bellum</span> <span class='ocrx_word' id='word_1_627' title='bbox 1790 2486 1798 2497; x_wconf 81' lang='lat'>,</span> <span class='ocrx_word' id='word_1_628' title='bbox 1825 2460 1962 2492; x_wconf 86' lang='lat' dir='ltr'>tandem</span> <span class='ocrx_word' id='word_1_629' title='bbox 1990 2461 2026 2493; x_wconf 89' lang='lat' dir='ltr'>in</span> <span class='ocrx_word' id='word_1_630' title='bbox 2050 2463 2181 2506; x_wconf 84' lang='lat' dir='ltr'>oppido</span> 
     </span>
    </p>
   </div>
   <div class='ocr_carea' id='block_1_16' title="bbox 1209 2508 2182 2654">
    <p class='ocr_par' dir='ltr' id='par_1_16' title="bbox 1209 2508 2182 2654">
     <span class='ocr_line' id='line_1_97' title="bbox 1210 2508 2182 2552; baseline 0.006 -12"><span class='ocrx_word' id='word_1_631' title='bbox 1210 2508 1408 2552; x_wconf 51' lang='lat' dir='ltr'>KVinsperg</span> <span class='ocrx_word' id='word_1_632' title='bbox 1424 2509 1606 2542; x_wconf 90' lang='lat' dir='ltr'>obsidione</span> <span class='ocrx_word' id='word_1_633' title='bbox 1621 2508 1752 2541; x_wconf 85' lang='lat' dir='ltr'>cinctus</span> <span class='ocrx_word' id='word_1_634' title='bbox 1770 2517 1876 2549; x_wconf 80' lang='lat' dir='ltr'>esset,</span> <span class='ocrx_word' id='word_1_635' title='bbox 1904 2517 1935 2543; x_wconf 88' lang='lat' dir='ltr'>et</span> <span class='ocrx_word' id='word_1_636' title='bbox 1958 2512 2063 2544; x_wconf 89' lang='lat' dir='ltr'>armis</span> <span class='ocrx_word' id='word_1_637' title='bbox 2077 2524 2114 2545; x_wconf 91' lang='lat' dir='ltr'>ac</span> <span class='ocrx_word' id='word_1_638' title='bbox 2133 2514 2182 2546; x_wconf 85' lang='lat' dir='ltr'>sa-</span> 
     </span>
     <span class='ocr_line' id='line_1_98' title="bbox 1209 2559 2182 2603; baseline 0.005 -12"><span class='ocrx_word' id='word_1_639' title='bbox 1209 2571 1263 2591; x_wconf 86' lang='lat' dir='ltr'>ma</span> <span class='ocrx_word' id='word_1_640' title='bbox 1288 2559 1524 2599; x_wconf 85' lang='lat' dir='ltr'>deditionem,</span> <span class='ocrx_word' id='word_1_641' title='bbox 1560 2559 1826 2603; x_wconf 85' lang='lat' dir='ltr'>quibuscunque</span> <span class='ocrx_word' id='word_1_642' title='bbox 1848 2561 2109 2595; x_wconf 85' lang='lat' dir='ltr'>conditionibus</span> <span class='ocrx_word' id='word_1_643' title='bbox 2131 2564 2182 2596; x_wconf 77' lang='lat' dir='ltr'>fa—</span> 
     </span>
     <span class='ocr_line' id='line_1_99' title="bbox 1210 2609 2181 2654; baseline 0.004 -13"><span class='ocrx_word' id='word_1_644' title='bbox 1210 2621 1303 2648; x_wconf 81' lang='lat' dir='ltr'>cere,</span> <span class='ocrx_word' id='word_1_645' title='bbox 1337 2617 1368 2642; x_wconf 90' lang='lat' dir='ltr'>et</span> <span class='ocrx_word' id='word_1_646' title='bbox 1393 2610 1470 2642; x_wconf 84' lang='lat' dir='ltr'>irati</span> <span class='ocrx_word' id='word_1_647' title='bbox 1496 2609 1636 2642; x_wconf 87' lang='lat' dir='ltr'>victoris</span> <span class='ocrx_word' id='word_1_648' title='bbox 1665 2621 1810 2652; x_wconf 79' lang='lat' dir='ltr'>poenam</span> <span class='ocrx_word' id='word_1_649' title='bbox 1845 2611 1961 2643; x_wconf 90' lang='lat' dir='ltr'>subire</span> <span class='ocrx_word' id='word_1_650' title='bbox 1990 2621 2181 2654; x_wconf 74' lang='lat' dir='ltr'>cogeretur,</span> 
     </span>
    </p>
   </div>
   <div class='ocr_carea' id='block_1_17' title="bbox 186 2654 2182 2703">
    <p class='ocr_par' dir='ltr' id='par_1_17' title="bbox 186 2648 2182 2703">
     <span class='ocr_line' id='line_1_100' title="bbox 186 2654 2182 2703; baseline 0.004 -14"><span class='ocrx_word' id='word_1_651' title='bbox 186 2656 303 2699; x_wconf 82' lang='lat' dir='ltr'>Quare</span> <span class='ocrx_word' id='word_1_652' title='bbox 334 2664 367 2690; x_wconf 87' lang='lat' dir='ltr'>et</span> <span class='ocrx_word' id='word_1_653' title='bbox 397 2656 486 2689; x_wconf 86' lang='lat' dir='ltr'>lilius</span> <span class='ocrx_word' id='word_1_654' title='bbox 509 2654 575 2688; x_wconf 91' lang='lat' dir='ltr'>Dei</span> <span class='ocrx_word' id='word_1_655' title='bbox 603 2667 664 2688; x_wconf 89' lang='lat' dir='ltr'>sua</span> <span class='ocrx_word' id='word_1_656' title='bbox 690 2668 825 2690; x_wconf 87' lang='lat' dir='ltr'>summa</span> <span class='ocrx_word' id='word_1_657' title='bbox 855 2658 962 2696; x_wconf 87' lang='lat' dir='ltr'>bona,</span> <span class='ocrx_word' id='word_1_658' title='bbox 997 2658 1158 2693; x_wconf 72' lang='lat' dir='ltr'>videlicet</span> <span class='ocrx_word' id='word_1_659' title='bbox 1181 2673 1187 2699; x_wconf 67' lang='grc' dir='ltr'>ι</span> <span class='ocrx_word' id='word_1_660' title='bbox 1209 2659 1258 2692; x_wconf 90' lang='lat' dir='ltr'>ibi</span> <span class='ocrx_word' id='word_1_661' title='bbox 1277 2672 1363 2693; x_wconf 85' lang='lat' dir='ltr'>uxor</span> <span class='ocrx_word' id='word_1_662' title='bbox 1379 2657 1535 2703; x_wconf 86' lang='lat' dir='ltr'>Guelphi</span> <span class='ocrx_word' id='word_1_663' title='bbox 1552 2660 1654 2702; x_wconf 87' lang='lat' dir='ltr'>petit,</span> <span class='ocrx_word' id='word_1_664' title='bbox 1682 2666 1720 2693; x_wconf 90' lang='lat' dir='ltr'>ut</span> <span class='ocrx_word' id='word_1_665' title='bbox 1737 2660 1802 2692; x_wconf 69' lang='lat' dir='ltr'>sibi</span> <span class='ocrx_word' id='word_1_666' title='bbox 1819 2672 1896 2693; x_wconf 91' lang='lat' dir='ltr'>cum</span> <span class='ocrx_word' id='word_1_667' title='bbox 1913 2663 2056 2695; x_wconf 86' lang='lat' dir='ltr'>caeteris</span> <span class='ocrx_word' id='word_1_668' title='bbox 2073 2662 2182 2697; x_wconf 83' lang='lat' dir='ltr'>Baro-</span> 
     </span>
    </p>
   </div>
  </div>
 </body>
</html>
