2324 2955
184 112 278 146 1043

415 105 622 144 SCRIPTA
650 102 723 136 PH.
751 99 866 136 MEL.
893 98 959 134 AD
985 98 1111 135 HIST.
1139 96 1282 134 PROF.
1306 94 1372 131 ET
1399 92 1589 131 PHILOS.
1616 91 1934 130 SPECTANTIA.

2083 94 2180 130 1044

188 199 250 237 sit,
277 200 426 240 quantae
443 189 572 223 suerint
587 186 815 225 calamitates,
841 196 919 218 cum
937 189 989 217 tot
1003 183 1160 217 obsidio-
1214 176 1489 215 Amalosunthae
1518 185 1667 213 mortem
1697 179 1863 213 continua
1886 170 2006 211 Iialiae
2035 180 2180 214 vastatio

187 258 249 280 nes
272 242 403 284 exiguis
428 237 623 272 intervallis
644 235 849 270 acciderint.
900 233 1003 267 Nunc
1023 232 1161 268 Totilae

189 294 368 329 interitum
387 290 490 322 addo.

289 347 378 381 Cum
405 345 594 379 Belisarius
621 355 659 376 ex
676 342 778 376 Italia
806 339 1032 380 discessisset,
1065 338 1163 372 cuius

191 404 333 434 fortuna
350 398 387 429 in
400 395 465 430 hac
482 393 675 439 posteriore
700 391 919 436 expeditione
945 401 1018 422 non
1034 389 1100 422 fuit
1118 388 1162 421 si-

191 450 286 483 milis
304 447 432 491 priori,
460 443 675 479 Iustinianus
699 453 873 475 summum
896 441 1019 473 ducem
1039 439 1077 471 in
1095 437 1164 471 Ita-

193 501 240 533 lia
260 509 331 531 esse
350 496 448 530 iussit
468 495 615 533 Narsen,
643 493 701 537 qui
721 492 867 536 pecunia
885 490 1076 522 instructus
1092 499 1165 521 ma-

194 560 303 591 gnum
336 546 524 579 exercitum
559 544 706 585 collegit.
760 540 931 574 Adiunxit
963 539 1029 571 sibi
1062 538 1165 572 etiam

194 598 406 632 Herulorem
420 601 452 628 et
467 593 782 635 Longobardorum
801 590 939 623 auxilia.
991 588 1080 621 Cum
1101 589 1167 631 igi-—

194 656 253 682 tur
275 647 419 681 collecto
444 644 595 677 exercitu
618 641 826 676 Ravennam
859 640 1027 678 venisset,
1062 638 1169 672 mittit

197 700 328 741 legatos
342 696 385 730 ad
404 694 561 728 Totilam
581 704 698 736 pacem
715 691 816 724 certis
835 689 1097 723 conditionibus
1114 689 1167 721 fa-

198 755 326 781 cturus.
380 745 498 778 Totila
523 743 659 776 nullam
683 741 777 785 pacis
795 739 1032 774 conditionem
1048 738 1169 771 audire

197 797 318 830 volens
344 794 551 838 respondet,
595 792 835 825 dimicandum
876 800 947 822 esse
978 788 1106 828 armis,
1138 794 1171 821 et

199 846 386 880 exercitum
402 845 566 877 adversus
581 841 716 874 Narsen
731 840 826 873 ducit
850 851 959 883 usque
975 839 1017 871 ad
1037 838 1171 882 Apeni-

202 908 300 929 num.

204 947 269 983 cti,
297 952 328 978 et
346 945 384 976 in
408 944 488 985 suga
513 941 670 985 dissipati
686 947 778 973 sunt.
830 939 983 972 Totilam
1002 938 1172 980 insignem

204 1007 292 1040 equo
311 994 424 1027 aureis
439 993 562 1032 armis,
589 1002 743 1034 purpura
769 996 801 1022 et
825 989 1033 1031 proceritate
1050 998 1175 1029 corpo-

203 1047 252 1078 ris
270 1044 459 1086 fugientem
477 1054 554 1075 cum
576 1041 732 1084 quinque
748 1038 934 1071 comitibus
948 1036 1104 1080 sequitur
1122 1036 1176 1067 vir

205 1094 344 1136 Gepida
364 1087 557 1130 Asbadus‚
585 1101 602 1121 a
622 1101 690 1132 quo
711 1088 913 1121 vulneratus
938 1086 975 1117 in
992 1092 1100 1118 castra
1116 1096 1175 1117 ve-

202 1142 301 1177 hitur
325 1154 342 1175 a
365 1148 514 1186 quatuor
536 1139 740 1177 comitibus,
766 1136 828 1169 ubi
853 1135 956 1179 paulo
982 1142 1060 1178 post
1081 1146 1177 1166 mor-

205 1202 286 1227 tuus
306 1198 366 1226 est.
420 1189 573 1233 Quintus
598 1199 729 1227 comes,
755 1186 813 1231 qui
833 1185 1032 1224 Ashadum‚
1058 1196 1102 1216 ne
1126 1196 1180 1216 se-

203 1244 264 1288 qifi
281 1247 413 1286 posset,
441 1239 605 1283 repressit
623 1245 655 1272 et
673 1236 883 1274 vulneravit,
912 1235 1014 1268 etiam
1034 1235 1179 1267 vulnere

204 1293 319 1337 periit.

306 1356 371 1389 Hic
391 1355 501 1388 exitus
519 1360 568 1387 est
585 1352 724 1386 Totilae
737 1378 745 1392 ‚
773 1350 833 1397 qui
851 1351 955 1384 etiam
982 1348 1179 1392 exemplum

206 1415 256 1441 est
271 1405 529 1439 inconstantiae
545 1415 661 1436 rerum
677 1400 925 1435 humanarum.
974 1398 1181 1432 Inclinatam

210 1457 404 1502 potentiam
424 1454 623 1493 Gotticam,
651 1465 728 1485 cum
746 1450 891 1484 haberet
906 1450 1043 1493 exiguas
1063 1448 1179 1492 copias

205 1507 377 1540 foeliciter
393 1505 600 1538 restituerat.
654 1502 777 1535 Postea
795 1513 848 1534 res
872 1511 1013 1543 magnas
1029 1506 1100 1533 toto
1121 1499 1183 1530 de-

209 1557 334 1590 cennio
361 1561 526 1598 gesserat,
567 1553 708 1586 tandem
739 1558 852 1595 spreta
885 1562 967 1594 pace
1000 1555 1181 1592 superatus

206 1619 277 1640 uno
297 1605 427 1650 praelio
446 1611 477 1638 et
494 1603 629 1645 fugiens
647 1602 863 1635 interficitur.
921 1599 1108 1642 Reliquiae
1131 1605 1183 1631 ta-

209 1668 290 1689 men
308 1655 499 1688 Gottorum
515 1664 630 1695 regem
646 1652 780 1685 faciunt
797 1648 939 1687 Teium,
965 1650 1026 1693 qui
1043 1649 1079 1680 in
1096 1649 1182 1681 urbe

208 1705 336 1738 Ticino
361 1710 453 1742 erat,
482 1702 544 1735 ubi
568 1707 703 1740 sumpta
731 1711 771 1731 ex
802 1701 979 1730 veteribus
1010 1695 1182 1727 thesauris

210 1755 378 1798 pecunia,
414 1752 603 1785 exercitum
629 1748 778 1790 colligit,
815 1754 845 1780 et
871 1758 890 1779 a
915 1745 1059 1778 Francis
1084 1744 1183 1776 auxi·

208 1805 295 1837 lium
315 1803 410 1847 petit.
465 1800 600 1833 interea
618 1798 743 1831 'Narses
759 1798 801 1830 ad
820 1797 941 1829 urbem
960 1793 1110 1828 Romam
1127 1805 1183 1827 ac-

208 1854 319 1893 cedit,
346 1862 490 1895 eamque
507 1850 542 1882 vi
559 1848 650 1892 capit
667 1848 766 1892 pulso
786 1845 928 1880 Gottico
947 1844 1132 1888 praesidio.

311 1955 424 1991 Teios
453 1968 511 1989 rex
537 1954 725 1988 Gottorum
752 1953 914 1992 ultimus,
941 1951 978 1983 in
1003 1950 1101 1984 Italia
1127 1951 1183 1983 in·-

213 2009 378 2041 terfectus
409 2014 457 2040 est
489 2006 645 2039 nondun]
674 2004 787 2048 primo
817 2015 909 2035 anno
935 2002 1032 2043 regni
1055 2008 1183 2034 exacto.

208 2059 298 2093 Cum
316 2058 409 2090 euim
431 2056 615 2089 exercituin
640 2055 780 2087 duceret
797 2052 833 2086 in
851 2051 1095 2095 Campaniam,
1121 2051 1182 2084 ubi

210 2108 423 2152 praesidium
444 2107 535 2150 quod
555 2104 688 2139 Romae
704 2105 814 2136 suerat
829 2101 957 2135 Cumas
972 2113 1006 2134 se
1024 2101 1183 2134 contule-

209 2166 279 2198 rat,
314 2158 419 2202 idque
436 2156 561 2189 Narses
587 2155 786 2192 obsederat,
821 2153 870 2185 ibi
900 2163 1025 2194 magno
1052 2151 1181 2194 praelio

209 2208 333 2241 Narses
358 2208 398 2240 ad
418 2206 604 2239 Nuceriam
628 2205 710 2237 vicit
729 2203 866 2237 GottoS.
921 2201 960 2234 Iu
988 2214 1026 2234 eo
1050 2201 1181 2245 praelio

212 2269 352 2300 prorsus
378 2264 409 2290 et
435 2256 524 2288 vires
551 2254 737 2287 Gottorum
764 2253 1010 2290 conciderunt,
1054 2258 1085 2284 et
1110 2252 1182 2294 ipse

213 2305 326 2339 Teios
349 2306 520 2350 praelians
544 2305 745 2337 interfectus
777 2310 837 2336 est.

211 2364 331 2394 erant,
367 2357 579 2389 deditionem
604 2355 761 2387 fecerunt
787 2363 946 2385 concessa
970 2352 1053 2384 vita.
1106 2351 1183 2384 Ad-

210 2408 282 2440 dita
306 2412 356 2439 est
383 2413 495 2438 autem
522 2405 696 2441 conditio,
730 2410 769 2435 ut
792 2403 975 2435 universae
994 2400 1181 2435 Gottorum

215 2456 388 2501 reliquiae
404 2467 441 2487 ex
462 2454 557 2487 ltalia
575 2455 802 2487 discederent.

309 2521 376 2554 Hic
394 2520 472 2552 finis
489 2520 553 2551 suit
570 2520 666 2561 regni
686 2518 874 2551 Gottorum
890 2518 927 2550 in
949 2516 1061 2557 Italia,
1089 2516 1181 2560 quod

213 2574 255 2605 ab
275 2571 376 2604 initio
395 2567 609 2602 Theudorici
622 2568 831 2601 Veronensis
846 2579 955 2612 usque
975 2568 1016 2599 ad
1036 2573 1182 2598 mortem

211 2623 316 2656 Teiae
334 2620 472 2655 duravit
492 2629 602 2652 anuos
620 2618 688 2650 fere
705 2618 891 2660 sexaginta.
933 2617 1084 2661 fuitque
1106 2623 1182 2660 post

356 894 412 927 lbi
436 904 562 935 magno
587 892 718 936 praelio
741 891 830 923 facto
849 888 948 922 Gotti
964 889 1104 922 tandem
1119 888 1173 920 vi—
1196 893 1199 902 '

890 2302 946 2334 llli
978 2302 1035 2346 qui
1063 2300 1183 2335 Cumis
1207 2295 1211 2342 fi

1215 241 1325 265 annos
1345 230 1417 262 fere
1440 229 1594 271 triginta.
1647 229 1769 263 Postea
1786 228 1910 262 Nat-ses
1934 228 2021 262 rexit
2045 227 2182 262 Italiam

1215 289 1382 324 tanquam
1402 278 1596 312 Proconsul
1616 290 1726 311 annos
1751 278 1910 312 sedecim.
1961 275 2097 311 Deinde
2114 278 2184 312 lta-

1216 331 1299 363 liam
1321 329 1547 370 Longobardi
1579 335 1611 361 et
1633 326 1785 361 Exarchi
1816 329 2030 367 lacerarunt,
2075 328 2183 361 donec

1216 379 1333 414 Caroli
1350 377 1472 421 Magni
1495 379 1622 411 virtute
1647 385 1679 411 et
1703 377 1890 411 foelicitate
1908 376 2027 410 Italiae
2051 389 2115 421 pax
2129 384 2186 411 ut-

1217 440 1354 473 cunque
1370 429 1529 461 restituta
1546 435 1607 462 est.

1317 477 1594 511 Considerentur
1609 483 1723 510 autem
1740 477 1777 509 in
1793 474 1937 510 historia
1954 475 2092 510 Gottica
2109 477 2188 511 viri.

1218 528 1406 573 praecipui.
1458 524 1707 560 Theudoricus
1725 526 1937 559 Veronensis
1953 526 2052 559 fortis
2069 533 2100 560 et
2114 527 2188 559 foe-

1219 580 1265 612 lix
1290 579 1358 611 suit
1379 577 1417 610 in
1442 577 1544 610 bellis
1562 576 1690 610 Italicis
1715 583 1747 609 et
1766 575 2007 616 Germanicis,
2034 582 2066 608 et
2088 576 2189 609 initio

1223 629 1333 662 iustus
1349 634 1382 661 et
1398 628 1598 660 moderatus
1618 628 1655 659 in
1673 627 1935 670 gubernatione.
1965 624 2034 659 Sed
2051 626 2191 658 tandem

1222 678 1411 712 crudeliter
1432 676 1609 710 interfecit
1627 674 1876 721 Symmachum
1900 682 1932 709 et
1947 674 2110 708 Boe'tium
2123 702 2132 715 ,
2159 682 2191 708 et

1224 728 1375 762 terribili
1393 727 1676 761 consternatione
1693 727 1863 760 extinctus
1880 732 1939 759 est.

1323 790 1454 826 Totila
1472 793 1574 826 initio
1589 792 1712 832 foelix,
1737 798 1769 824 et
1782 791 1963 825 Benedicti
1973 790 2118 824 Abbatis
2133 791 2194 824 ad-

1227 842 1429 878 hortatione
1447 843 1608 887 repressit
1621 842 1850 875 iracundiam.
1895 840 2018 874 Postea
2035 841 2072 873 in
2090 842 2193 874 rebus

1225 893 1384 928 secundis
1401 894 1511 926 factus
1527 892 1736 925 insolentior
1750 892 1853 936 periit
1867 891 2014 934 fugiens.

1327 941 1538 975 Iustiniani
1574 943 1678 974 duces
1712 949 1780 975 tres
1813 942 1975 981 fuerunt,
2015 941 2196 984 sapientes,

1228 993 1334 1024 sortes
1352 998 1384 1024 et
1400 991 1554 1023 foelices:
1581 990 1772 1023 Belisarius
1784 1017 1793 1030 ‚
1822 988 1997 1024 lohannes
2013 997 2045 1023 et
2061 989 2196 1024 Narses.

1228 1040 1368 1074 Clarior
1385 1047 1433 1073 est
1451 1046 1567 1072 autem
1593 1040 1733 1072 caeteris
1749 1038 1956 1079 Belisarius,
1983 1040 2041 1083 qui
2059 1039 2198 1072 Persica

1229 1089 1321 1123 bella
1355 1096 1388 1122 et
1413 1088 1645 1121 Vandalicum
1679 1089 1716 1120 in
1739 1087 1859 1121 Africa
1886 1089 2056 1121 foeliciter
2085 1089 2197 1131 gessit.

1232 1139 1315 1173 Fuit
1332 1145 1364 1172 et
1379 1139 1477 1182 prior
1492 1138 1666 1182 expeditio
1684 1136 1802 1170 Italica
1819 1143 1939 1171 contra
1957 1137 2108 1179 Vitigem
2125 1139 2200 1180 glo-

1234 1190 1342 1228 riosa,
1370 1200 1493 1231 magna
1511 1195 1608 1230 parte
1625 1187 1744 1221 Italiae
1762 1194 1972 1231 recuperata.
2023 1186 2201 1221 Posterior

1231 1250 1314 1271 vero
1339 1245 1459 1271 contra
1482 1237 1637 1271 Totilam
1662 1248 1883 1282 nequaquam
1907 1237 2016 1281 priori
2040 1248 2104 1281 par
2126 1238 2202 1272 fuit.

1233 1288 1348 1321 Iustus
1372 1289 1438 1321 fuit
1462 1298 1540 1330 erga
1567 1287 1701 1330 socios,
1729 1299 1767 1320 ac
1792 1299 1908 1320 severe
1933 1287 2041 1329 cavit,
2068 1299 2112 1319 ne
2126 1288 2201 1321 fru-

1233 1345 1391 1372 mentum
1408 1344 1469 1371 aut
1486 1338 1572 1370 aliae
1588 1349 1642 1370 res
1657 1338 1786 1370 civium
1805 1344 1837 1370 ct
1854 1337 2027 1370 sociorum
2039 1348 2204 1380 raperen-

1236 1396 1305 1424 tur.
1338 1387 1449 1432 Saepe
1467 1387 1640 1421 militibus
1655 1387 1867 1431 pauperibus
1881 1388 1923 1420 de
1939 1398 2001 1420 suo
2017 1387 2201 1430 pecuniam

1234 1438 1378 1482 largitus
1402 1445 1469 1478 est,
1502 1444 1537 1471 et
1559 1444 1598 1471 ut
1613 1437 1746 1470 Medici
1768 1437 1961 1470 vulneratis
1992 1443 2050 1470 aut
2072 1437 2205 1482 alioqui

1235 1489 1497 1531 aegrotantibus
1522 1499 1622 1532 opem
1650 1489 1801 1528 ferrent,
1841 1487 2027 1530 diligenter
2059 1488 2204 1521 curavit.

1236 1538 1393 1583 Cumque
1417 1550 1456 1571 eo
1479 1544 1635 1582 tempore
1660 1539 1789 1571 ducum
1817 1537 1854 1569 in
1876 1536 2023 1580 imperio
2040 1535 2204 1570 Romano

1235 1589 1441 1632 praecipuus
1459 1594 1554 1628 esset,
1578 1594 1611 1620 et
1625 1594 1777 1620 caeteros
1795 1586 1904 1628 gloria
1921 1592 1955 1618 et
1970 1586 2123 1628 potentia
2142 1598 2206 1619 an-

1236 1638 1430 1676 tecelleret,
1465 1637 1671 1680 dignitatem
1699 1643 1731 1669 et
1757 1647 1838 1678 opes
1860 1635 1890 1667 ei
1908 1634 2122 1668 Iustinianus
2138 1637 2206 1668 eri-

1235 1688 1311 1728 puit
1327 1688 1421 1716 falsis
1439 1686 1695 1727 suspicionibus
1709 1686 1752 1718 ab
1773 1697 1812 1717 eo
1836 1684 2064 1717 abalienatus.
2111 1684 2206 1719 Haec

1236 1740 1357 1767 narrat
1379 1733 1545 1766 Zonoras.
1594 1733 1668 1765 Alii
1689 1735 1842 1774 addunt,
1871 1734 1990 1766 oculos
2009 1734 2041 1765 ei
2064 1735 2206 1769 effossos

1236 1794 1327 1823 esse,
1349 1789 1380 1816 et
1405 1783 1619 1815 mendicasse
1646 1793 1723 1815 eum
1749 1783 1884 1826 stipem.
1939 1781 2075 1816 Tantus
2100 1785 2207 1827 igitur

1236 1834 1291 1866 vir
1307 1840 1503 1876 exemptum
1527 1839 1576 1866 est
1598 1844 1670 1864 non
1693 1832 1807 1865 solum
1825 1832 2078 1866 inconstantiae
2095 1835 2208 1869 fortu-

1236 1895 1320 1923 nae,
1347 1883 1406 1915 sed
1432 1883 1534 1915 etiam
1554 1881 1818 1923 ingratitudinis
1839 1882 1987 1920 aulicae,
2015 1883 2058 1916 de
2079 1896 2146 1929 qua
2170 1887 2207 1918 in

1236 1932 1362 1967 Psalm.
1374 1932 1517 1965 dicitur:
1545 1930 1661 1965 Nolite
1671 1932 1891 1965 confiderein
1902 1932 2130 1977 principibus,
2147 1947 2209 1969 ne..

1235 1995 1302 2028 que
1320 1983 1357 2016 in
1372 1983 1452 2015 filiis
1471 1980 1672 2023 hominum,
1701 1988 1763 2017 etc.

1337 2056 1385 2092 Et
1401 2057 1477 2091 noti
1502 2057 1574 2091 sint
1591 2068 1727 2091 versus:

1285 2120 1365 2151 Vive
1379 2122 1434 2149 tibi
1452 2126 1657 2160 quantumque
1671 2126 1755 2159 potes
1772 2121 1943 2158 praelustria
1961 2122 2021 2149 vita

1337 2170 1465 2201 Saevum
1482 2172 1640 2209 praelustri
1654 2171 1769 2199 fulmen
1788 2171 1823 2198 ab
1840 2181 1904 2199 arce
1920 2173 2010 2199 venit.

1285 2221 1378 2253 Crede
1394 2221 1469 2250 mihi
1485 2222 1559 2250 bene
1577 2223 1629 2261 qui
1646 2222 1751 2258 latuit,
1780 2222 1852 2249 bene
1867 2222 1961 2257 vixit,
1989 2228 2017 2250 et
2034 2223 2107 2249 intra

1341 2272 1504 2302 Fortunam
1521 2271 1606 2300 debet
1621 2273 1747 2311 quisque
1769 2281 1886 2300 manere
1901 2281 1994 2300 suam.

1336 2362 1481 2400 Narses
1490 2363 1686 2399 Eunuchus
1696 2371 1858 2409 quaestor
1866 2363 2018 2407 primum
2030 2363 2097 2397 suit
2106 2362 2210 2397 Iusti-

1236 2415 1346 2456 niani,
1361 2417 1421 2449 sed
1431 2415 1722 2455 tantaindustria,
1739 2421 1778 2447 ut
1792 2420 1907 2456 postea
1922 2425 2078 2446 summus
2094 2414 2210 2448 duxin

1237 2465 1336 2499 Italia
1362 2466 1472 2498 factus
1495 2466 1559 2505 sit,
1593 2477 1630 2497 ac
1656 2463 1864 2497 describitur
1888 2460 1943 2498 his
1965 2463 2094 2496 verbis:
2135 2462 2209 2497 E&-

1236 2528 1342 2561 ([ρων
1361 2515 1395 2554 ἐς
1410 2514 1455 2549 τὰ
1476 2512 1635 2558 μάλιστα
1661 2511 1722 2548 καὶ
1747 2507 1984 2557 δραστήριος,
2009 2512 2069 2546 καὶ
2092 2511 2210 2551 δεινὸς

1237 2563 1475 2607 ἁρμόσασθαι
1500 2567 1552 2609 τῷ
1568 2559 1871 2609 παρεμπίπτοντι,
1899 2561 1962 2596 καὶ
1978 2565 2208 2608 παραστῆσαι

1237 2613 1355 2650 οἷόσῑε
1376 2611 1422 2658 ἦν
1447 2617 1499 2660 τῷ
1523 2611 1620 2661 λόγῳ
1643 2610 1687 2646 τὰ
1711 2611 1998 2656 μ’ῗεβουλευμέιίι.
2051 2612 2210 2658 Cumque
