2324 2955
113 118 184 155 481

111 214 174 238 nes
189 201 304 237 salvos
327 198 423 244 fieri,
450 199 601 242 scilicet,
627 200 722 246 quod
745 201 790 234 ad
806 201 917 246 ipsius
933 200 1098 235 volunta—

112 261 186 289 tem
211 253 349 288 attinet.

216 302 250 338 5.
285 302 466 346 Quoniam
479 313 499 335 a
515 301 624 336 verbo
642 301 855 337 ordiendum
871 308 939 344 est,
964 308 996 335 et
1015 313 1099 346 pro-

110 354 232 388 missio
262 360 312 388 est
340 352 561 387 universalis.
613 352 814 387 ludicarnus
842 365 862 387 a
894 353 1099 397 posteriore,

111 406 265 450 aliquam
290 404 326 436 in
349 403 454 436 nobis
477 414 615 437 causam
637 414 710 436 esse
727 403 928 442 electionis,
966 403 1098 437 scilicet

111 454 432 495 instrumentalem,
458 451 723 499 apprehendere
739 454 1021 498 promissionem.

212 504 246 539 6.
285 503 331 538 Et
355 511 473 539 tamen
497 504 738 538 misericordia
768 505 973 550 principalis
995 514 1097 538 causa

109 561 162 589 est
185 555 367 589 electionis
384 562 417 589 et
440 554 708 588 iustificationis.

211 605 246 641 7.
290 605 464 639 Voluntas
486 612 606 638 nostra
629 616 703 638 non
717 611 768 639 est
785 605 904 639 efficax
922 605 998 638 sine
1013 604 1096 648 Spi-

109 655 182 690 ritu
200 662 333 697 sancto,
359 656 418 689 sed
435 667 513 689 cum
524 653 718 699 Evangelio
735 667 770 689 se
787 656 889 700 erigit
907 662 942 690 et
959 662 1096 689 susten-

108 712 177 748 tat,
202 706 391 740 adiuvatur
406 718 424 739 a
440 706 576 749 Spiritu
602 713 734 741 sancto.

211 757 247 791 8.
290 755 381 790 Vere
403 756 498 789 enim
515 758 741 791 statuendum
762 763 832 796 est,
859 756 955 801 quod
971 753 1096 789 Evan-

108 807 191 851 gelii
210 807 376 841 beneficia
394 818 668 853 consequamur,
695 808 732 841 in
751 805 808 841 his
834 813 884 841 est
906 806 1010 840 etiam
1030 807 1096 839 do-
1119 844 1121 849 ⁴

109 858 206 892 natio
224 857 378 902 Spiritus
393 858 518 893 sancti.

210 907 246 942 9.
274 907 454 951 Quoniam
471 921 490 942 a
506 909 613 942 verbo
629 908 843 942 ordiendum
861 914 922 948 est,
946 906 1104 947 docendi>⁴
1127 923 1132 958 l

107 965 191 993 sunt
208 955 382 1000 homines,
407 965 444 992 ut
461 966 659 1002 repugnent
676 959 829 993 naturali
845 955 1101 991 diffidentiae.''·

212 1009 273 1043 10.
313 1007 394 1042 Non
429 1010 540 1053 probo
575 1007 825 1049 Manichae0s‚
860 1009 922 1054 qui
959 1008 1095 1042 nullam

107 1059 280 1093 actionem
297 1060 473 1093 voluntati
493 1056 668 1093 humanae
693 1060 919 1098 tribuebant,
944 1071 989 1092 ne
1015 1059 1097 1104 qui-

108 1111 192 1145 dem
206 1122 286 1143 cum
303 1122 321 1143 a
339 1109 475 1154 Spiritu
493 1117 613 1143 sancto
638 1110 879 1146 adiuvaretur.

178 1184 180 1187 v
213 1161 272 1196 11.
306 1159 424 1194 Placet
448 1158 538 1193 mihi
553 1158 744 1203 Augustini
768 1161 922 1201 dictum,
947 1159 1009 1205 qui
1033 1159 1097 1193 ait:

109 1209 182 1245 Eos
193 1237 204 1252 ‚
228 1210 291 1256 qui
306 1210 500 1244 vocationis
517 1222 647 1243 munus
664 1222 818 1254 congrua
836 1210 964 1253 pietate
981 1221 1098 1243 susce-

108 1262 240 1306 perint,
265 1268 299 1295 et
316 1268 489 1306 qnantum
509 1260 545 1293 in
563 1258 708 1294 bomine
723 1268 785 1302 est,
812 1259 879 1294 Dei
897 1262 934 1293 in
951 1272 986 1294 se
1005 1261 1098 1294 bona

109 1314 303 1352 servantes,
331 1312 486 1344 adiuvat.

213 1362 272 1396 12.
300 1359 395 1404 Ergo
412 1367 446 1394 et
461 1361 721 1403 agnoscendum
737 1358 862 1393 estDei
879 1358 1098 1396 beneficium,

109 1411 206 1458 quod
223 1411 409 1454 promissio
428 1411 473 1444 sit
488 1412 709 1450 universalis,
737 1418 770 1444 et
785 1412 880 1455 quod
898 1409 993 1443 Deus
1012 1409 1098 1442 velit

110 1473 176 1495 nos
200 1460 338 1493 iuvare:
365 1467 398 1494 et
421 1460 606 1493 excitanda
623 1468 674 1494 est
691 1461 728 1492 in
746 1460 850 1492 nobis
865 1471 947 1492 cura
966 1465 1000 1492 et
1015 1459 1100 1491 dili-

109 1510 244 1556 genua,
266 1522 311 1544 ne
335 1510 580 1553 indulgeamus
596 1510 751 1544 naturali
774 1508 1010 1548 diffidentiae,
1037 1509 1097 1541 sed

107 1572 355 1609 repugnemus.

213 1612 276 1646 13.
314 1610 503 1656 Utrunque
518 1609 669 1655 'prodest
689 1610 757 1655 piis
780 1609 981 1650 mentibus,
1006 1607 1095 1642 exci-

111 1672 188 1699 tate
206 1662 425 1704 diligentiam
437 1688 446 1702 ‚
466 1668 500 1695 et
518 1661 713 1705 intelligere
728 1660 795 1694 Dei
812 1660 995 1695 auxilium.

159 1739 161 1742 .
215 1711 272 1746 14.
305 1709 381 1746 Etsi
399 1712 467 1745 alia
483 1712 661 1745 subtiliter
676 1713 719 1745 de
736 1711 904 1745 electione
925 1709 1099 1754 disputari

111 1765 258 1798 sortasse
273 1768 440 1807 possunt,
465 1767 582 1797 tamen
603 1763 743 1806 prodest
758 1762 826 1806 piis
842 1768 976 1800 tenere,
1002 1761 1099 1805 quod

111 1812 299 1860 promissio
317 1813 362 1846 sit
378 1812 606 1852 universalis,
633 1824 696 1845 nec
714 1813 882 1846 debemus
909 1812 952 1844 de
971 1812 1100 1844 volun-

112 1872 181 1900 tate
196 1862 264 1899 Dei
280 1864 383 1897 aliter
403 1862 571 1903 iudicare,
595 1875 701 1907 qnam
721 1862 816 1896 iuxta
835 1862 982 1896 verbum
999 1873 1099 1895 reve-

112 1916 243 1956 latum,
270 1921 302 1949 et
317 1914 404 1948 scire
419 1914 607 1954 debemus,
634 1914 729 1959 quod
747 1914 846 1948 Deus
871 1913 1099 1958 praeceperit,

111 1974 152 2001 ut
168 1967 366 2001 credamus.

216 2015 273 2052 15.
310 2015 427 2050 Stoica
450 2013 610 2048 doctrina
638 2011 803 2060 ἀπαθείᾳ
825 2020 873 2048 est
890 2015 974 2048 salsa
992 2021 1024 2048 et
1042 2014 1100 2047 in-

113 2069 218 2112 digna
235 2063 474 2110 Philosophis,
500 2070 632 2109 pugnat
652 2065 745 2097 enim
766 2077 844 2098 cum
861 2063 1023 2111 Physica.

218 2118 275 2154 16.
322 2116 555 2160 Hippocrates
595 2115 730 2149 utiliter
767 2116 953 2160 praecipit:
993 2112 1099 2151 πόνοι

113 2167 242 2205 σιτίων
263 2165 512 2216 ἡγείσθοσαν,
550 2166 706 2200 Labores
733 2168 943 2211 praecedant
968 2168 1100 2203 cibum,

113 2221 216 2256 Item:
232 2217 345 2258 πόνος
363 2219 439 2256 τοῖς
456 2216 631 2262 ἄρθροισι
647 2214 709 2250 καὶ
726 2215 843 2262 σαρξὶ,
861 2219 970 2259 σῖτος,
987 2216 1102 2257 ὕπνος

115 2271 369 2320 σπλάγχνοισι,
398 2268 515 2302 Labor
531 2267 687 2301 articulis
705 2274 738 2301 et
754 2269 848 2302 carni
869 2270 1029 2313 prodest,
1052 2270 1102 2303 ci-

114 2324 180 2356 bus
197 2330 230 2357 et
247 2331 391 2356 somnus
409 2319 613 2353 visceribus.

192 2437 359 2486 (XXV.)
387 2439 452 2473 De
481 2438 708 2472 Ecclesia
743 2434 1024 2481 disputatio.

362 2491 463 2533 (Opp.
482 2491 578 2523 Basil.
601 2490 638 2520 T.
658 2488 712 2521 ΠΙ.
741 2502 770 2531 p.
788 2491 858 2521 298.

115 2568 212 2610 Cum
234 2573 389 2609 Ecclesia
415 2573 452 2606 in
475 2574 634 2620 symbolo
657 2580 774 2606 sancta
800 2574 1013 2618 appellatur,
1040 2585 1103 2607 ne-

117 2637 208 2659 ccsse
232 2633 282 2660 est
298 2623 489 2659 Ecclesiam
511 2625 657 2659 definire
675 2624 886 2658 Sanctorum
911 2635 1100 2669 congrega-

117 2678 262 2711 tionem.

167 2729 344 2760 llluart‘ru.
369 2729 472 2759 Ormi.
503 2728 584 2758 Vox..
601 2728 677 2759 ΧΠ.

748 113 1013 152 PH1L1PP1
1055 111 1504 151 MELANTHONIS.

2066 118 2141 155 482

1252 202 1287 235 2.
1315 199 1385 235 Sed
1405 207 1446 234 ut
1461 213 1479 234 a
1499 201 1602 236 nobis
1620 200 1724 236 etiam
1742 202 1882 245 agnosci
1899 204 2007 248 possit
2018 201 2139 238 Eoele-

1149 249 1218 288 sia,
1245 262 1383 284 necesse
1403 258 1452 285 est
1472 264 1547 285 eam
1566 259 1676 286 certas
1693 259 1794 286 notas
1820 260 1982 289 externas
1999 253 2141 289 habere.

1252 300 1286 334 3.
1330 299 1395 335 Est
1419 301 1536 346 itaque
1557 302 1714 337 Ecclesia
1746 306 1968 348 congregatio
1999 312 2140 340 sancto-

1149 362 1227 384 rum
1239 378 1248 391 ‚
1275 351 1313 384 in
1330 363 1398 396 qua
1415 350 1648 398 Evangelium
1665 354 1831 394 docetur,
1859 363 1893 390 et
1908 356 2136 391 Sacramenta

1149 401 1456 436 administrantur.

1249 451 1283 486 4.
1326 451 1373 486 Et
1397 460 1513 487 tamen
1539 454 1576 487 in
1601 454 1662 487 illa
1687 456 1956 498 congregatione
1972 469 2073 502 saepe
2088 458 2137 499 fit,

1146 508 1186 535 ut
1215 502 1300 535 mali
1323 503 1425 536 etiam
1453 504 1541 545 sint,
1569 517 1721 549 quorum
1744 506 1806 538 alii
1832 507 2016 542 iudicaria
2033 509 2137 542 nobis

1145 560 1311 596 possunt,
1339 554 1399 586 alii
1417 567 1487 587 non
1515 562 1672 599 possunt.

1236 605 1282 639 .5.
1310 603 1367 637 Fit
1383 605 1504 643 etiam,
1533 613 1571 639 ut
1589 605 1743 638 ministri
1762 605 1872 650 aliqui
1890 607 1974 639 mali
1993 608 2076 644 sint.

1246 654 1280 687 6.
1308 653 1354 688 Et
1370 661 1487 688 tamen
1505 656 1586 689 licet
1602 667 1663 700 per
1678 653 1808 689 horum
1824 656 2061 691 ministerium
2071 658 2135 693 Sa-

1145 705 1333 738 cramentis
1359 706 1423 740 uti.

1248 756 1283 791 7.
1310 754 1465 789 Ecclesia
1482 768 1555 790 non
1573 763 1624 790 est
1643 757 1765 800 politia
1784 758 1973 792 constituta
1991 759 2137 793 ordina-

1144 805 1302 839 tionibus
1337 804 1521 848 humanis,
1562 808 1831 850 sacrificiorum,
1874 810 2060 843 sacerdotii
2103 818 2137 845 et

1143 857 1288 891 rituum.

1246 906 1280 940 8.
1323 906 1406 941 Ideo
1429 908 1467 940 in
1491 909 1653 954 symbolo
1675 909 1839 950 additur,
1866 907 2069 949 catholica,
2096 919 2138 945 ut

1143 957 1360 1000 significetur
1384 959 1531 991 eandem
1558 957 1750 992 Ecclesiam
1777 971 1838 1002 per
1867 966 1983 994 totum
2013 962 2136 994 orbem

1145 1019 1299 1052 sparsam
1319 1020 1411 1049 esse,
1437 1010 1480 1041 de
1497 1009 1659 1043 doctrina
1676 1010 1953 1044 consentientem
1965 1037 1974 1052 ‚
1998 1013 2137 1046 tametsi

1144 1059 1233 1092 ritus
1251 1059 1321 1092 sint
1337 1059 1541 1092 dissimiles.

1248 1108 1283 1142 9.
1319 1108 1392 1142 Nec
1408 1109 1488 1142 ideo
1512 1110 1556 1142 ab
1573 1107 1728 1143 Ecclesia
1755 1109 1884 1143 exclusi
1903 1118 2005 1152 sunt,
2031 1112 2059 1144 si
2077 1112 2139 1157 qui

1146 1155 1275 1193 ritibus
1293 1167 1445 1193 utuntur
1470 1160 1566 1200 aliis,
1593 1172 1698 1205 quam
1715 1159 1900 1195 Romanis.

1250 1211 1307 1244 10.
1338 1209 1602 1254 Amplissimam
1618 1211 1894 1244 consolationem
1907 1212 2063 1245 continet
2080 1224 2138 1246 ar-

1121 1290 1122 1305 }
1145 1260 1285 1299 uentus,
1313 1261 1374 1306 qui
1391 1261 1561 1305 praecipit
1578 1263 1740 1301 credere,
1767 1273 1875 1294 unam
1893 1273 1965 1295 esse
1981 1270 2137 1296 sanctam

1145 1309 1357 1350 Ecclesiam,
1385 1318 1533 1344 testatur
1557 1312 1652 1343 enim
1678 1309 1869 1344 Ecclesiam
1893 1323 1965 1345 esse
1993 1325 2138 1346 mansu-

1145 1372 1220 1393 ram
1232 1388 1241 1401 ,
1267 1372 1330 1393 nec
1347 1361 1421 1393 sore
1436 1368 1475 1394 ut
1490 1373 1508 1393 a
1525 1360 1601 1394 Deo
1626 1361 1848 1395 abiiciamur.

1254 1412 1311 1446 11.
1344 1410 1417 1453 Qui
1435 1408 1530 1444 hunc
1547 1411 1735 1444 articulum
1752 1411 1802 1444 sic
1820 1412 2056 1454 considerant,
2082 1426 2139 1447 re-

1146 1460 1235 1492 ctius
1259 1472 1339 1493 eum
1365 1461 1589 1503 intelligunt,
1627 1473 1733 1505 quam
1763 1461 1824 1505 qui
1849 1463 1932 1495 inde
1955 1464 2137 1507 colligunt,

1147 1510 1240 1554 quod
1258 1517 1419 1554 oporteat
1434 1511 1567 1543 similes
1584 1511 1718 1556 ubique
1736 1512 1825 1545 ritus
1840 1509 2014 1547 humanos
2031 1526 2114 1549 esse.

1146 1627 1323 1675 (XXVI.)
1379 1631 1488 1664 Alia
1518 1629 1817 1675 disputatio:
1854 1630 1901 1665 dc
1929 1635 2139 1668 autoritate

1147 1682 1360 1720 Ecclesiae,
1404 1686 1442 1715 et
1473 1680 1519 1715 de
1541 1681 1640 1716 dicto
1667 1683 1891 1727 Auyustini:
1935 1685 2136 1730 Evangelio

1146 1743 1220 1766 non
1237 1731 1429 1766 crederem
1446 1736 1517 1767 etc.
1562 1734 1698 1774 (Apogr.
1715 1738 1746 1765 in
1764 1735 1838 1767 Cod.
1857 1734 1950 1766 Goth.
1970 1737 2021 1767 28.
2042 1749 2070 1777 p.
2087 1739 2139 1768 95.

1147 1792 1174 1815 et
1197 1797 1227 1825 p.
1253 1786 1324 1816 102.
1349 1786 1400 1814 ubi
1426 1787 1617 1816 inscribitur:
1645 1785 1818 1826 Disputatio
1844 1787 1880 1816 de
1902 1786 2034 1817 Ecclesia
2060 1788 2137 1819 Phil.

1146 1835 1353 1874 Mdanchth„
1382 1847 1461 1866 anno
1484 1837 1575 1867 1531.
1602 1856 1651 1861 —
1705 1836 1864 1877 Leguntur
1881 1839 1936 1867 liae
1952 1842 2137 1879 propositio-

1299 1899 1350 1916 nes
1373 1889 1433 1917 iam
1455 1890 1486 1917 in
1502 1899 1575 1927 opp.
1589 1887 1683 1919 Basti.
1710 1888 1747 1919 T.
1764 1887 1822 1918 Ill.
1849 1901 1878 1929 p.
1895 1888 1985 1927 291.)

1148 1959 1347 2008 Augustini
1372 1967 1493 2000 verba:
1522 1965 1716 2009 Evangelio
1741 1980 1815 2000 non
1838 1968 2035 2008 crederem,
2069 1970 2137 2002 nisi

1149 2029 1205 2049 mc
1224 2014 1414 2050 catholicae
1424 2016 1600 2050 Ecclesiae
1617 2025 1853 2051 commoveret
1870 2018 2048 2059 autoritas,
2065 2031 2138 2052 nou

1150 2065 1216 2100 lioc
1242 2068 1387 2106 volunt,
1422 2069 1516 2112 quod
1544 2066 1720 2101 Ecclesiae
1741 2069 1911 2102 autoritas
1937 2069 2049 2102 maior
2082 2070 2138 2110 sit,

1149 2130 1254 2163 quam
1278 2116 1482 2162 Evangelii,
1514 2126 1574 2152 aut
1600 2120 1693 2164 quod
1712 2117 1867 2153 Ecclesia
1893 2119 2003 2163 possit
2018 2118 2138 2154 Evan-

1150 2169 1280 2213 geliuin
1308 2171 1460 2202 abolere.

1250 2221 1286 2253 2.
1330 2219 1428 2254 Sicut
1455 2220 1560 2253 iudex
1586 2232 1657 2252 nou
1681 2221 1789 2253 credit
1815 2220 2032 2261 narrationi,
2068 2221 2137 2255 nisi

1150 2278 1294 2316 propter
1324 2278 1442 2312 testes,
1484 2282 1546 2303 nec
1577 2278 1690 2304 tamen
1727 2271 1885 2316 sequitur
1908 2272 2002 2317 quod
2035 2278 2138 2306 testes

1150 2322 1286 2367 possint
1309 2329 1445 2356 mutare
1471 2321 1720 2355 narrationem.
1776 2320 1882 2361 Item,
1907 2322 2037 2355 nuncio
2061 2334 2135 2355 cre-

1150 2374 1286 2411 dimus,
1322 2385 1384 2406 uec
1409 2372 1586 2417 seqnitur,
1614 2373 1710 2417 quod
1733 2372 1885 2407 nuncius
1911 2373 2019 2418 possit
2037 2385 2137 2407 man-

1152 2424 1232 2458 data
1250 2431 1397 2460 mutare.

1251 2475 1286 2508 3.
1330 2476 1380 2508 lta
1402 2473 1578 2507 Ecclesiae
1603 2474 1779 2508 credimus
1801 2481 1970 2520 tanquam
1996 2476 2137 2513 nuncio,

1151 2532 1213 2559 aut
1236 2526 1314 2558 testi
1340 2524 1544 2569 Evangelii,
1580 2532 1640 2559 aut
1665 2532 1756 2560 certe
1777 2526 1867 2560 sicut
1892 2524 2037 2560 Doctori
2064 2537 2136 2560 crc—

1151 2577 1279 2611 dimus.

1255 2626 1289 2661 4.
1325 2625 1580 2660 Stultissimum
1608 2634 1656 2660 est
1683 2627 1877 2665 somniare,
1906 2627 1999 2671 quod
2020 2624 2139 2658 Eccle-

1152 2677 1203 2711 sia
1228 2677 1330 2709 snerit
1359 2684 1439 2711 ante
1472 2679 1617 2711 verbum
1649 2677 1726 2714 Dei.
1779 2678 1924 2712 Certum
1957 2683 2005 2709 est
2035 2676 2139 2714 enim,

1550 2730 1594 2762 31
