2324 2955
207 106 278 143 859

212 193 323 237 coepit
349 199 379 224 et
403 188 570 223 destruxit
590 187 661 230 ipse
679 184 892 225 Samariam,
919 196 1022 229 quam
1040 185 1185 219 obsede-

212 252 263 277 rat
287 250 396 276 totum
419 250 570 277 annum,
596 243 627 269 et
652 235 820 278 templum
844 235 891 267 ibi
911 235 1091 269 conditum
1110 242 1187 279 post

213 292 446 326 Alexandrum
469 288 512 320 ab
538 287 654 329 impiis
676 286 816 320 delevit.
867 284 992 329 Coepit
1008 292 1039 318 et
1057 287 1185 330 oppida

211 342 378 387 quaedam
401 339 436 370 in
458 338 585 370 finibus
601 336 722 381 Syriae
738 342 771 369 et
788 336 983 370 Idumaeae.

211 405 270 429 eo,
297 391 332 422 in
357 390 415 421 illa
440 388 550 430 gentis
570 386 727 419 Iudaicae
750 393 902 425 senecta,
931 386 1022 419 inter
1046 387 1134 419 bella
1153 393 1186 420 et

212 444 245 473 in
274 439 503 483 permixtione
521 434 754 471 Ethnicorum
778 436 964 470 dilacerata
989 443 1039 470 est
1058 436 1184 470 ludaea

208 491 319 525 sectis.
398 488 589 532 Praecipue
622 499 702 520 vero
735 487 965 520 nominantur
997 484 1186 528 Pharisaei,

208 539 402 574 Zadducaei
421 545 453 572 et
470 536 579 571 Essei.

310 589 386 623 Etsi
408 596 524 622 autem
548 600 676 621 nomen
694 584 982 620 Pharisaeorum
1007 587 1116 632 aliqui
1133 588 1184 622 fe-

209 648 329 674 cerunt
357 652 376 673 a
405 639 657 682 segregatione,
691 645 807 671 tamen
832 638 933 672 multi
958 638 1117 672 derivant
1141 639 1185 672 ab

209 691 432 735 exponendo,
467 690 526 734 qui
557 689 713 722 iudicant
735 685 940 721 Pharisaeos
967 688 1079 722 dictos
1103 699 1185 729 esse,

208 741 306 785 quasi
331 740 540 783 expositores
562 751 621 771 seu
645 739 851 781 interpretes
867 738 1076 782 scriptorum
1102 750 1183 782 pro-

207 790 440 835 pheticorum.
498 788 544 822 Et
560 787 686 821 horum
704 800 831 821 nomen
848 789 1027 833 antiquius
1043 790 1184 823 caeteris

207 842 358 874 videtur.
417 839 464 872 Hi
482 851 552 871 non
569 839 767 871 abiecerunt
784 839 891 871 libros
908 837 1130 883 propheticos
1145 847 1184 874 ut

207 890 420 929 Zadducaei,
447 890 505 922 sed
529 889 821 922 transformarunt
839 889 1034 923 doctrinam
1050 890 1134 932 legis
1151 897 1183 923 et

205 940 471 984 promissionem
503 950 644 982 prorsus
674 939 711 971 in
738 939 916 982 politicam
946 951 1005 972 seu
1026 938 1182 984 philoso-

205 989 345 1034 phicam
380 988 588 1027 doctrinam,
639 987 814 1022 Dixerunt
844 989 916 1031 lege
946 988 1012 1022 Dei
1044 997 1181 1023 tantum

206 1050 382 1073 externam
399 1039 620 1082 disciplinam
646 1038 816 1081 praecipi,
840 1046 873 1071 et
895 1037 1056 1072 homines
1077 1041 1181 1072 (lisci-

205 1090 302 1134 plina
331 1089 457 1121 mereri
479 1088 717 1121 remissionem
745 1095 982 1131 peccatorum,
1015 1096 1047 1123 et
1073 1090 1181 1122 iustos

205 1151 277 1173 esse
290 1138 502 1178 coramDeo,
530 1145 562 1172 et
576 1136 741 1171 haeredes
756 1144 914 1171 aeternae
930 1138 1031 1173 vitae.
1084 1138 1181 1179 Item,

204 1190 379 1224 Sacrificia
412 1189 537 1222 mereri
569 1188 807 1221 remissionem
837 1195 1067 1231 peccatorum.
1136 1187 1181 1223 Et

203 1241 415 1273 addiderunt
432 1240 539 1272 multa
555 1239 715 1272 exercitia
732 1239 1020 1282 ceremoniarum,
1048 1239 1178 1273 ieiunia

203 1297 235 1323 et
252 1290 419 1328 lotiones,
446 1301 534 1331 quae
552 1288 616 1332 ipsi
633 1288 825 1328 finxerunt,
852 1296 890 1322 ut
907 1290 998 1332 apud
1019 1301 1082 1322 nos
1097 1289 1179 1324 Mo-

202 1337 318 1374 nachi.
368 1337 420 1371 De
436 1336 576 1371 IlIessirt
600 1339 813 1378 docuerunt,
839 1346 1089 1382 occupaturum
1108 1352 1179 1373 esse

202 1389 410 1433 provinciaS.
470 1388 693 1431 Negaveruut
716 1388 880 1421 Messiam
904 1390 978 1421 sore
1002 1389 1177 1422 victimam

202 1441 244 1472 ad
270 1439 474 1482 placandam
498 1438 585 1471 iram
610 1438 685 1471 Dei.
752 1438 956 1472 Amiserunt
982 1440 1178 1473 doctrinam

202 1491 244 1521 de
270 1495 393 1521 natura
416 1488 535 1521 divina
553 1488 720 1527 Messiae,
746 1500 834 1532 quae
860 1489 1004 1533 loquuta
1028 1498 1077 1524 est
1100 1502 1177 1522 cum

202 1539 363 1572 Patribus
386 1545 416 1571 et
434 1536 637 1582 ProphetiS,
664 1544 696 1571 et
711 1549 847 1581 semper
862 1539 975 1572 adfuit
990 1538 1178 1573 Ecclesiae.

217 1588 372 1621 leneficia
399 1587 547 1621 Messiae
572 1588 793 1621 somniarunt
823 1587 906 1622 haec
932 1590 1021 1622 sore:
1058 1589 1176 1634 Ipsum

202 1640 299 1671 mille
319 1650 428 1670 annos
452 1639 487 1670 in
514 1636 579 1671 hoc
599 1639 731 1670 mundo
759 1638 932 1672 viventem
952 1647 1175 1681 regnaturum

203 1701 292 1726 esse,
328 1689 401 1730 lege
423 1687 530 1720 Moisi
565 1688 725 1731 imposita
756 1689 933 1728 gentibus,
968 1696 1001 1721 et
1033 1688 1177 1721 ludaeos

202 1741 274 1771 sore
298 1739 450 1780 gentium
475 1737 666 1781 principes,
693 1743 725 1769 et
749 1736 935 1779 longaevos
953 1738 1026 1771 fore
1043 1746 1176 1772 trecen-

202 1796 315 1822 torum
335 1795 392 1820 aut
408 1788 741 1832 quadringentorum
757 1799 949 1829 annorum,
977 1796 1008 1822 et
1024 1790 1175 1822 futuram

203 1850 272 1871 esse
294 1838 429 1870 dulcem
454 1850 571 1881 pacem
598 1844 630 1870 et
649 1849 788 1870 auream
808 1844 952 1871 aetatem
971 1838 1007 1870 in
1029 1845 1101 1872 toto
1120 1850 1177 1880 ge-

202 1900 284 1920 nere
315 1886 478 1921 humano.
532 1887 654 1921 Postea
687 1893 916 1931 sequuturum
949 1899 1019 1921 esse
1042 1896 1177 1932 postre-

201 1950 296 1971 mum
322 1937 506 1977 iudicium,
533 1937 569 1970 in
593 1950 663 1982 quo
686 1935 801 1969 hostes
827 1939 947 1981 populi
966 1939 1175 1972 Iudaeorum

202 1989 236 2020 in
263 1994 419 2020 aeternas
441 1999 568 2031 poenas
592 1988 789 2021 abiecturus
809 1995 913 2029 esset,
938 1995 970 2022 et
986 1990 1056 2022 suis
1076 1991 1177 2023 datu-

200 2050 258 2072 rus
275 2045 410 2071 aeterna
430 2039 533 2072 bona.

304 2085 519 2120 Zadducaei
546 2094 621 2131 post
650 2085 855 2121 Pharisaeos
887 2089 976 2129 orti,
1016 2100 1176 2132 magnam

202 2139 391 2182 potentiam
423 2138 457 2170 in
490 2139 619 2182 populo
649 2137 766 2182 adepti
790 2146 889 2180 sunt,
920 2139 1056 2183 fuitque
1080 2146 1176 2182 grata

202 2189 380 2231 professiO.
434 2188 526 2230 Quia
551 2201 628 2221 cum
645 2186 822 2222 Pharisaei
844 2189 951 2222 nimis
970 2190 1089 2223 multis
1106 2196 1177 2223 tra—

203 2238 395 2272 ditionibus
418 2245 619 2272 onerassent
638 2239 829 2282 populum,
856 2237 892 2272 hi
909 2240 1065 2274 fecerunt
1081 2241 1176 2273 laxa-

202 2288 324 2321 tiones.
362 2286 413 2322 Ac
431 2301 502 2321 non
520 2289 632 2321 solum
649 2288 855 2323 traditiones
868 2287 1080 2334 pharisaicas
1097 2291 1176 2324 abs-

202 2339 378 2376 tulerunt,
404 2340 462 2372 sed
485 2339 588 2372 etiam
612 2339 813 2374 abiecerunt
829 2338 1022 2384 Prophetas
1046 2352 1177 2382 omnes,

201 2394 337 2432 praeter
353 2387 502 2422 Moisen.
554 2388 660 2422 Hunc
684 2402 795 2423 unum
822 2401 858 2423 se
880 2391 1043 2435 amplecti
1066 2391 1175 2424 simu-

203 2439 339 2478 labant,
374 2444 406 2470 et
427 2445 541 2471 tamen
566 2447 781 2481 negaverunt
803 2441 937 2474 animas
959 2452 1031 2475 esse
1053 2452 1176 2485 super-

202 2488 297 2521 stites
320 2487 478 2521 extinctis
496 2490 710 2531 corporibus.
763 2490 985 2534 Negaverunt
1000 2497 1032 2525 et
1050 2503 1175 2535 corpo-

202 2550 279 2571 rum
304 2539 378 2571 sore
401 2538 709 2576 resuscitationem.
771 2539 945 2576 Dixerunt
967 2548 1083 2576 autem
1107 2541 1175 2584 legi

201 2589 514 2631 obtemperandum
543 2599 631 2629 esse,
664 2589 746 2633 quia
775 2591 973 2626 obedientia
1002 2598 1176 2626 mereatur

200 2638 489 2683 tranquillitatem
507 2636 611 2672 huius
626 2638 726 2680 vitae,
753 2647 786 2674 et
802 2642 1018 2677 contumacia
1033 2653 1174 2687 poenas.

447 103 653 141 SCRIPTA
682 102 755 135 1³11.
785 98 900 135 MEL.
928 98 993 133 AD
1021 98 1148 136 HlST.
1174 97 1317 136 PROF.
1346 97 1411 133 ET
1438 98 1626 137 PHILOS.
1654 100 1974 139 SPECTANTIA.

1210 191 1213 261 ἱ

1035 336 1102 369 Sed
1121 338 1185 369 suh
1211 356 1213 368 ;

2143 103 2217 139 860

1238 182 1375 217 Horum
1402 195 1480 217 cum
1500 191 1531 218 et
1547 186 1737 220 multitudo
1755 192 1787 221 et
1804 188 1957 231 potentia
1975 200 2098 233 magna
2116 194 2217 232 esset,

1238 234 1328 267 iuter
1352 231 1558 268 Pharisaeos
1586 243 1619 270 et
1641 237 1733 280 ipsos
1756 237 1903 271 adsidua
1926 240 2114 273 certamina
2139 239 2215 272 fue-

1238 291 1341 324 runt,
1377 286 1469 317 unde
1501 291 1534 318 et
1568 285 1603 318 in
1629 288 1883 328 gubernatione
1906 288 2019 321 crebri
2045 289 2215 322 tumultus

1238 335 1306 367 orti
1328 342 1419 370 sunt.
1472 333 1535 369 Est
1557 342 1671 369 autem
1689 334 1859 371 horribile
1877 339 2093 383 exemplum,
2120 340 2214 384 quod

1238 385 1274 416 in
1297 391 1366 417 tarn
1391 385 1513 427 exiguo
1536 387 1668 430 populo
1684 399 1756 420 non
1774 389 1886 421 solum
1903 389 2105 423 dilaceratio
2121 395 2216 423 tanta

1238 435 1349 477 gentis
1366 435 1452 468 facta
1470 442 1531 476 est,
1559 438 1616 469 sed
1633 437 1736 470 etiam
1753 438 1910 472 doctrina
1925 447 1995 473 tam
2011 439 2106 473 varie
2125 451 2142 472 a
2160 450 2214 472 se·-

1238 486 1300 518 ctis
1318 492 1480 529 corrupta
1498 492 1560 519 est.
1598 485 1759 532 Denique
1776 489 1869 532 quod
1888 487 2114 533 prophanitas
2128 490 2214 523 adeo

1238 535 1368 578 crevit,
1395 542 1433 569 ut
1456 543 1569 569 essent
1592 537 1630 569 in
1655 535 1721 571 hoc
1744 539 1896 582 populo,
1923 540 1982 584 qui
2002 551 2131 572 nomen
2150 537 2214 573 ha-

1238 586 1341 620 bebat
1356 583 1531 619 Ecclesiae
1545 585 1629 628 Dei,
1656 588 1717 633 qui
1733 589 1846 632 palam
1862 589 2059 632 epicuraeas
2075 589 2215 633 opinio-

1237 647 1297 668 nes
1323 636 1568 672 defendebant.
1619 637 1820 683 Plerunque
1841 647 1954 673 autem
1980 640 2119 683 pessimi
2136 637 2214 684 Hy—

1237 686 1392 730 pocritae
1415 694 1620 730 arroganter
1643 689 1710 721 sibi
1727 689 1994 732 gloriosissimas
2009 690 2215 734 appellatio-

1237 748 1298 769 nes
1330 737 1503 771 tribuunt.
1564 736 1617 771 Ita
1641 738 1840 773 Zadducaei
1873 740 2102 774 nominarunt
2133 751 2168 773 se
2195 751 2214 772 a

1236 786 1388 826 Zaddic,
1420 789 1514 832 quod
1543 794 1593 821 est
1617 788 1750 829 Iustus,
1784 790 1881 834 quasi
1905 791 2078 824 nominati
2102 796 2215 823 essent

1235 836 1317 870 iusti
1341 849 1402 871 seu
1418 838 1619 882 justiciarii.
1670 840 1743 872 Alii
1766 841 1922 875 fecerunt
1940 841 2026 875 alias
2043 841 2213 886 etymolo-

1234 887 1326 929 gias,
1352 900 1437 931 quas
1455 889 1591 923 omitto.

1335 935 1465 981 Εεεεί,
1498 939 1532 971 id
1559 946 1629 978 est,
1663 937 1847 983 Operarii‚
1872 942 1916 975 ab
1940 941 2026 982 Asa,
2054 951 2141 986 quos
2164 941 2212 974 sic

1235 987 1345 1020 dictos
1370 999 1441 1020 esse
1466 996 1627 1032 apparet,
1654 991 1735 1035 quia
1760 1003 1838 1024 cum
1862 992 2022 1025 viderent
2044 992 2131 1024 alios
2150 992 2213 1024 ad-

1234 1037 1343 1069 siduis
1378 1039 1662 1072 contentionibus
1695 1042 1898 1084 perturbare
1927 1040 2213 1085 Rempublicam,

1234 1092 1266 1118 et
1295 1086 1445 1119 retinere
1468 1088 1558 1121 vitae
1584 1090 1859 1132 turpitudinem,
1892 1092 2123 1132 ambitiones,
2157 1091 2212 1124 lu-

1233 1147 1334 1176 xum,
1360 1137 1440 1169 odia
1469 1144 1501 1171 et
1527 1138 1593 1170 alia
1617 1139 1724 1178 vicia,
1752 1140 1819 1181 ipsi
1843 1148 1998 1174 amantes
2020 1141 2212 1174 modestiae

1233 1192 1266 1218 et
1286 1186 1398 1229 pacis,
1426 1188 1657 1222 discesserunt
1676 1190 1719 1222 ab
1737 1190 1826 1229 illis,
1851 1197 1884 1224 et
1901 1192 2150 1231 ostenderunt,
2177 1202 2213 1224 se

1233 1236 1334 1268 bonis
1349 1237 1523 1280 operibus,
1550 1251 1622 1271 non
1637 1239 1731 1280 rixis,
1759 1239 1931 1274 velleDeo
1947 1242 2089 1276 servire.
2141 1240 2211 1274 Sed

1233 1297 1311 1319 cum
1342 1287 1442 1330 pauci
1475 1296 1607 1329 essent,
1640 1301 1704 1323 nec
1735 1297 1892 1334 peterent
1920 1291 2212 1334 gubernationem

1232 1335 1479 1380 Reipublicae,
1526 1346 1739 1373 secesserunt
1769 1340 1813 1372 ad
1844 1340 1920 1374 loca
1953 1341 2067 1374 vicina
2100 1338 2212 1374 hortis

1232 1386 1377 1419 balsami
1410 1394 1443 1420 et
1468 1388 1676 1432 palmarum.
1738 1388 1793 1423 Ibi
1818 1397 1851 1424 et
1874 1391 2059 1424 coluerunt
2080 1389 2212 1430 hortos,

1232 1443 1264 1469 et
1286 1443 1395 1470 artem
1414 1438 1582 1471 medicam
1600 1439 1816 1479 didicerunt,
1845 1447 1879 1474 et
1896 1442 2048 1475 remedia
2064 1452 2212 1485 appara-

1232 1493 1334 1528 runt,
1367 1494 1401 1521 et
1431 1500 1509 1520 cum
1541 1489 1720 1523 laboribus
1751 1491 2011 1532 medicationis,
2045 1492 2104 1536 qui
2129 1497 2211 1524 sunt

1231 1538 1348 1580 magni
1371 1545 1403 1571 et
1422 1539 1529 1580 grati,
1556 1546 1629 1572 tum
1646 1540 1723 1573 aliis
1737 1541 1855 1574 multis
1874 1542 1996 1575 officiis
2013 1542 2210 1575 beneficen-

1232 1588 1315 1620 tiam
1339 1599 1416 1630 erga
1438 1589 1566 1621 multos
1583 1601 1618 1621 re
1636 1590 1707 1632 ipsa
1727 1598 1973 1630 exercuerunt,
1999 1592 2209 1635 disputatio-

1231 1649 1315 1670 num
1331 1638 1482 1670 vanitate.
1496 1639 1632 1673 omissa.
1676 1638 1942 1674 Distribuerunt
1958 1642 2050 1673 diem
2067 1642 2102 1673 in
2120 1648 2209 1675 tem-

1232 1698 1315 1729 pora
1333 1699 1492 1730 precum,
1521 1688 1727 1729 lectionum,
1754 1690 1935 1731 laborum,
1961 1691 2030 1723 cibi
2048 1698 2081 1724 et
2098 1697 2210 1735 potus.

1231 1737 1342 1770 Lucra
1372 1737 1474 1769 etiam
1504 1739 1729 1772 contulerunt
1759 1739 1796 1771 in
1823 1752 2009 1774 commune
2035 1741 2209 1774 aerarium

1231 1788 1305 1819 sine
1333 1787 1597 1829 superstitione,
1631 1795 1669 1821 ut
1696 1789 1776 1821 inde
1800 1790 1872 1822 suis
1894 1797 1925 1824 et
1950 1791 2027 1825 aliis
2053 1789 2209 1824 honestis

1232 1837 1267 1868 in
1290 1843 1436 1878 egestate
1460 1844 1493 1869 et
1518 1837 1553 1869 in
1575 1838 1706 1871 morbis
1727 1839 1995 1882 opitularentur.
2046 1840 2209 1887 Denique

1230 1884 1358 1920 Schola
1380 1886 1446 1919 fuit
1460 1887 1611 1927 medica,
1636 1895 1667 1921 et
1686 1889 1884 1923 eruditione
1900 1897 1932 1924 et
1950 1892 2115 1936 exemplis
2132 1893 2208 1924 vir-

1230 1943 1343 1971 tutum
1368 1937 1548 1971 excellens·
1603 1937 1643 1970 In
1658 1937 1812 1972 Eusebio
1836 1941 1980 1984 legitur,
2007 1942 2117 1975 dictos
2137 1953 2208 1975 esse

1230 1987 1329 2031 quasi
1355 1986 1612 2032 θεωρητικοῦς.
1664 1987 1711 2023 Et
1734 1990 1876 2024 dicitur:
1904 1988 2092 2038 ὑπέρτεροι
2116 1990 2208 2038 σφό-

1230 2035 1302 2082 δρα
1333 2039 1409 2071 τῶν
1439 2036 1668 2083 ([,αρισαίων,
1704 2040 1739 2072 id
1771 2047 1839 2079 est,
1871 2042 1973 2082 longe
1996 2044 2208 2076 antecellen-

1230 2089 1334 2121 tiores
1357 2087 1563 2121 Pharisaeis.
1613 2089 1769 2134 Apparet
1792 2098 1906 2125 autem
1926 2090 2118 2126 Eusebium
2142 2106 2207 2127 no-

1230 2150 1310 2171 men
1337 2139 1456 2172 secisse
1479 2139 1522 2172 ab
1538 2138 1626 2181 Aza,
1656 2141 1751 2185 quod
1770 2148 1836 2182 est,
1865 2143 2102 2185 considerare,
2129 2155 2205 2188 spe-

1230 2189 1350 2222 culari.

1329 2238 1531 2272 Dolendum
1556 2248 1605 2274 est
1627 2248 1762 2283 autem,
1802 2244 1897 2288 quod
1919 2255 1997 2276 cum
2020 2242 2205 2277 manifesto

1229 2289 1359 2323 auxilio
1383 2288 1449 2323 Dei
1474 2289 1599 2324 ludaea
1627 2292 1766 2326 defensa
1791 2294 1954 2326 adversus
1974 2290 2204 2333 Antiochum,

1229 2346 1261 2373 et
1287 2341 1426 2373 tandem
1453 2340 1596 2375 liberata
1614 2349 1718 2381 esset,
1746 2355 1824 2375 mox
1843 2343 1878 2374 in
1897 2353 1978 2385 pace
1995 2343 2203 2385 opinionum

1229 2391 1382 2423 dissidiis
1399 2391 1584 2425 dilacerata
1601 2400 1661 2428 est.
1713 2392 1834 2425 Postea
1850 2393 1952 2425 etiam
1969 2393 2059 2426 bella
2078 2394 2205 2433 civilia,

1229 2448 1261 2474 et
1291 2442 1406 2474 statim
1431 2442 1577 2475 fratrum
1606 2442 1790 2485 parricidia
1813 2449 1958 2487 sequuta
1981 2445 2072 2478 sunf.
2129 2443 2204 2477 Hae

1228 2491 1439 2525 calamitates
1455 2493 1619 2535 postremi
1635 2491 1800 2535 temporis
1819 2492 1854 2524 in
1874 2491 2000 2527 Iudaea
2018 2500 2097 2527 sunt
2115 2494 2203 2527 ima-

1227 2553 1270 2583 go
1286 2548 1458 2575 extremae
1474 2549 1629 2576 senectae
1645 2541 1780 2575 mundi.
1824 2541 1871 2576 Ut
1886 2550 2000 2576 autem
2014 2549 2097 2577 tunc
2112 2544 2204 2578 inter

1228 2598 1279 2626 tot
1302 2598 1409 2625 sectas
1431 2598 1464 2625 et
1486 2592 1576 2625 bella
1594 2591 1802 2625 mirabiliter
1818 2590 1912 2626 Deus
1929 2593 2062 2638 aliquas
2078 2592 2201 2628 Eccle-

1227 2642 1297 2676 siae
1325 2642 1490 2687 reliquias
1514 2641 1681 2683 servavit,
1713 2648 1751 2675 ut
1775 2642 1918 2678 fuerunt
1940 2643 2101 2686 Simeon,
2133 2643 2200 2677 Za-
