2324 2955
171 114 243 152 675

175 213 252 234 rum
278 198 507 244 cupiditatum
531 195 567 227 iu
590 194 736 227 renatis:
776 192 924 228 Manent
947 192 1054 237 igitur
1075 206 1155 238 pec-

178 259 251 284 cata
271 251 307 283 in
326 248 453 281 renatis
469 246 505 278 in
524 243 587 278 bac
605 244 744 277 mortali
761 244 842 285 vita,
868 244 1032 277 videlicet
1046 245 1156 284 radix,

180 303 221 334 de
241 312 306 343 qua
327 298 410 330 dicit
429 296 576 329 Paulus:
608 294 739 328 Sensus
760 295 875 328 earnis
896 294 1084 328 inimicicia
1108 302 1157 329 est

178 351 343 382 adversus
365 346 499 386 Deum,
532 353 565 379 et
589 343 694 379 huius
718 345 845 378 radicis
867 345 1022 386 fructus,
1053 345 1158 378 dubi-

178 399 325 433 tationes
349 404 382 431 et
404 396 523 430 vitiosi
547 396 709 436 affectus,
733 401 765 428 et
784 396 894 429 multa
912 402 1043 434 errata,
1070 407 1158 440 quae

178 461 239 493 per
263 447 496 491 ignorantiam
519 446 701 490 accidunt,
744 452 776 478 et
801 457 946 488 magnae
970 446 1158 488 neglectio-

178 512 238 532 ues
275 510 334 531 seu
369 497 593 538 omissiones,
642 503 682 531 ut
715 496 840 530 usitate
874 496 1074 541 loquimur,
1121 497 1158 529 in

176 549 351 582 omuibus.

279 597 392 633 XXV.
419 597 487 631 Sed
506 598 617 631 donec
636 597 850 630 reconciliati
866 603 1063 640 repugnant
1080 608 1160 641 pra-

178 651 231 682 vis
247 649 411 687 motibus,
439 655 471 682 et
486 660 559 681 non
576 656 683 681 ruunt
698 654 819 680 contra
839 647 1099 688 conscientiam,
1122 659 1160 680 ae

180 701 333 733 retinent
350 699 638 739 fundamentum,
675 705 706 731 et
731 698 796 730 fide
820 704 963 741 propter
988 698 1162 730 mediato-

179 762 250 783 rem
270 756 425 783 statuunt
443 748 509 791 tegi
528 746 611 781 haec
627 749 717 781 mala
730 775 739 788 ,
766 755 910 781 manent
928 748 965 779 in
981 748 1102 790 gratia,
1130 755 1162 780 et

179 813 252 833 non
271 800 459 833 effundunt
475 798 647 842 Spiritum
672 804 842 832 sanctum.
897 797 1058 843 Suntque
1078 796 1162 830 hae.—

182 851 280 883 redes
304 850 395 882 vitae
419 855 600 889 aeternae,
630 849 720 882 sicut
740 848 858 892 inquit
883 847 1030 881 Paulus:
1057 847 1163 881 Nulla

182 912 274 933 nunc
291 899 537 933 condemnatio
555 905 605 933 est
621 897 676 931 his
698 899 759 944 qui
779 899 817 931 in
832 896 973 932 Christo
991 897 1070 932 Iesu
1090 910 1164 931 am-

182 951 317 985 bulant.

283 999 416 1033 XXVI.
450 998 519 1033 Sed
541 999 602 1043 qui
625 998 770 1032 scientes
797 1004 906 1032 ruunt
932 1005 1054 1032 contra
1079 1010 1163 1031 con-

183 1051 381 1089 scientiam,
409 1056 467 1082 aut
485 1050 634 1094 quinon
653 1049 806 1082 retinent
823 1049 1105 1088 fundamentum,
1133 1055 1165 1080 et

184 1102 291 1144 impia
310 1102 470 1143 dogmata
488 1099 765 1142 amplectuntur,
793 1105 825 1131 et
847 1098 1071 1141 pertinaciter
1096 1104 1165 1129 sta-

183 1152 332 1189 biliunt,
359 1149 493 1183 etiamsi
523 1161 624 1181 coeco
648 1160 765 1181 errore
790 1155 933 1191 peccaut
956 1148 1167 1190 ignorante5‚

184 1209 223 1235 ut
248 1201 349 1233 multi
371 1201 414 1232 ab
440 1199 583 1232 Arianis
610 1199 764 1239 seducti,
807 1198 892 1231 tales
918 1198 1107 1231 effundunt
1135 1203 1167 1229 et

185 1252 390 1284 contristant
406 1249 577 1292 Spiritum
603 1256 779 1288 sanctum,
807 1255 839 1281 et
863 1248 932 1280 nisi
956 1254 1167 1280 convertan-

188 1310 264 1341 tur,
288 1307 395 1334 ruunt
413 1300 449 1331 in
466 1306 644 1332 aeternum
664 1299 826 1338 exitium,
860 1298 949 1331 sicut
966 1297 1096 1330 Paulus
1113 1298 1169 1328 in-

187 1353 277 1396 quit:
320 1351 357 1383 Si
389 1350 579 1382 secundum
605 1360 744 1381 carnem
770 1348 914 1388 vivetis,
955 1346 1169 1381 moriemini.

187 1401 271 1435 Item
287 1414 291 1433 :
320 1400 392 1443 Qui
409 1400 491 1432 facit
506 1405 684 1443 peecatum
704 1411 744 1431 ex
760 1396 911 1431 Diabolo
932 1404 993 1433 est.

402 1491 467 1524 De
491 1493 631 1524 sexta
661 1491 953 1533 quaestione,

296 1541 483 1576 videlicet:
521 1539 567 1573 de
586 1539 803 1573 discrimine
818 1544 1068 1582 peccatorum.

291 1607 438 1641 xxx‘lt.
474 1606 701 1651 Nequaquam
717 1606 824 1648 igitur
840 1606 1000 1648 fingenda
1018 1611 1067 1637 est
1083 1603 1171 1638 c'n‘o-

190 1659 277 1704 Auia,
306 1667 337 1692 et
355 1657 586 1691 confirmandi
608 1658 743 1689 furores
768 1657 980 1695 multorum,
1005 1655 1067 1699 qni
1092 1666 1170 1687 cum

191 1711 340 1744 audiunt
355 1710 420 1741 fide
438 1706 597 1741 homines
611 1707 720 1739 iustos
737 1718 823 1749 esse,
852 1713 884 1739 et
901 1716 1043 1738 manere
1060 1704 1097 1736 in
1115 1716 1171 1737 re-

192 1761 282 1794 natis
299 1766 445 1803 peccata,
473 1758 539 1790 sibi
556 1757 750 1797 indulgent,
773 1762 806 1789 et
821 1762 929 1789 ruunt
946 1761 1068 1788 contra
1087 1766 1172 1787 con-

193 1811 391 1849 scientiam,
418 1821 456 1841 ae
480 1808 612 1840 interea
634 1807 699 1839 sibi
722 1807 962 1844 blandientes,
993 1805 1172 1838 somniant

196 1874 228 1894 se
249 1861 356 1893 iustos
372 1871 454 1898 esse,
481 1865 513 1891 et
531 1859 666 1901 placere
676 1856 761 1897 Deo,
789 1868 867 1889 cum
884 1868 956 1888 non
978 1856 1048 1888 sint
1065 1854 1172 1887 simul

192 1912 282 1944 mala
301 1909 522 1947 conscientia,
548 1909 581 1940 id
601 1914 668 1947 est,
694 1907 911 1950 propositum
929 1905 1172 1949 delinquendi,

193 1969 223 1995 et
239 1962 340 1999 fides,
373 1971 460 2004 quae
483 1965 531 1991 est
556 1958 681 1990 fiducia
705 1957 981 1989 misericordiae:
1016 1954 1063 1988 Et
1087 1967 1172 1988 con-

192 2012 328 2045 tristent
357 2017 388 2043 et
417 2009 597 2041 effundant
621 2007 792 2052 Spiritum
822 2014 996 2047 sanctum,
1033 2012 1173 2039 ruentes

195 2070 313 2095 contra
331 2060 589 2092 conscientiam.

294 2111 358 2143 XX
368 2109 464 2142 Vttl.
504 2108 731 2141 Manifestum
758 2115 859 2140 estex
878 2107 971 2140 dicto
988 2105 1173 2150 Evangelii

197 2160 324 2195 Manli.
347 2162 418 2195 ta:
448 2159 551 2192 Tunc
568 2159 683 2197 vadit,
710 2165 741 2190 et
763 2158 906 2191 assumit
928 2158 1015 2191 alios
1041 2164 1172 2201 septem

195 2212 334 2255 spiritus
358 2218 418 2244 etc.
472 2210 574 2243 Item:
603 2208 674 2251 Qui
693 2215 777 2245 stat,
806 2209 980 2241 videatne
998 2209 1113 2248 cadat,
1141 2214 1174 2241 et

196 2275 234 2294 ex
260 2262 336 2293 aliis
360 2260 481 2294 multis
507 2259 716 2293 testimoniis
746 2265 780 2292 et
804 2259 991 2302 exemplis,
1034 2265 1174 2291 renatos

196 2312 262 2344 labi
285 2322 399 2354 posse⁷
429 2318 460 2343 et
481 2311 593 2354 lapsos
609 2310 766 2342 amittere
783 2309 927 2352 gratiam
952 2315 983 2342 et
1000 2307 1174 2353 Spiritum

196 2368 370 2400 sanctum,
406 2368 437 2393 et
466 2372 542 2393 reos
571 2360 644 2392 ficri
674 2366 833 2392 aeternae
857 2371 998 2402 poenae.
1059 2357 1107 2392 Et
1131 2359 1174 2391 de

196 2412 314 2445 Aaron
341 2411 468 2443 dicitur
495 2409 596 2443 Dent.
616 2409 661 2443 9.:
701 2408 879 2442 Adversus
893 2409 1013 2442 Aaron
1032 2421 1173 2454 quoque

193 2461 416 2494 vehomenter
449 2461 554 2494 iratus
587 2467 635 2494 est
660 2459 852 2499 Dominus,
894 2467 926 2492 et
958 2460 1071 2493 voluit
1094 2472 1173 2493 eum

195 2519 384 2545 conterere.

297 2560 426 2594 XXIX.
463 2559 603 2592 Gradus
622 2572 636 2592 a
649 2559 758 2593 Paulo
775 2561 985 2594 constitutus
999 2568 1067 2600 est,
1094 2572 1172 2593 cum

197 2612 327 2656 inquit:
359 2611 472 2643 Milita
495 2611 621 2642 bonam
643 2611 825 2649 militiam,
855 2609 987 2644 liabens
1012 2612 1112 2644 fidem
1140 2617 1173 2643 et

196 2664 322 2696 bonam
342 2661 600 2695 conscientiam.
638 2659 738 2693 Item:
766 2661 953 2696 Manifesta
970 2669 1050 2696 sunt
1068 2673 1172 2706 opera

938 106 1417 145 DISPUTATIONES

2111 112 2185 148 676

1207 196 1321 228 carnis
1333 222 1342 236 ‚
1369 201 1433 231 etc.
1476 195 1578 230 Talia
1595 196 1760 231 facientes
1776 207 1922 240 regnum
1930 196 1997 233 Dei
2013 210 2086 232 non
2104 210 2187 243 pos·

1209 246 1385 280 sidebunt.
1439 244 1549 280 Vocat
1565 247 1768 289 manifesta,
1789 248 1884 293 quod
1900 248 1939 282 in
1955 249 2114 294 quolibet
2132 250 2187 283 iu-

1209 297 1302 330 dicio
1319 297 1552 330 conscientiae
1569 298 1709 340 agnosci
1729 306 1762 333 et
1779 299 1938 332 damnari
1954 299 2099 343 possint.

1311 363 1423 398 XXX.
1472 364 1594 410 Itaque
1624 372 1769 409 propter
1801 367 1918 411 lapsus
1951 374 2071 401 contra
2105 370 2190 401 con-'

1211 415 1388 448 scientiam
1415 416 1524 459 gratia
1550 415 1743 457 amittitur,
1785 423 1817 450 et
1839 418 2012 451 excutitur
2036 417 2190 462 Spiritus

1212 473 1361 501 sanctus,
1427 464 1480 499 Ac
1509 466 1674 500 distantia
1708 466 1844 500 infinita
1878 475 1928 501 est
1958 468 2051 502 inter
2073 469 2191 512 lapsus

1213 523 1333 549 contra
1357 516 1629 557 conscientiam,
1650 523 1696 550 «et
1718 517 1785 550 alia
1810 524 1964 561 peccata,
2002 530 2091 563 quae
2116 530 2191 552 non

1214 567 1392 600 excutiunt
1408 567 1579 611 Spiritum
1597 574 1767 601 sanctum.

1316 624 1449 661 XXXI.
1489 624 1642 658 Usitatae
1669 632 1750 659 sunt
1775 626 2044 670 appellationes,
2077 627 2195 659 norni-

1216 687 1298 708 nare
1320 682 1457 719 peccata
1479 676 1658 717 mortalia,
1686 677 1814 720 quibus
1836 677 1997 709 admissis
2022 677 2196 710 amittitur

1215 726 1340 769 gratia:
1377 725 1536 759 Venialia
1553 738 1635 759 vero
1653 727 1835 768 caliginem
1853 734 1885 761 et
1903 724 2078 768 ἀταξίαν,
2106 738 2195 771 quae

1218 776 1401 810 nobiscum
1421 783 1634 818 nascuntur,
1659 784 1691 810 et
1708 777 1852 811 vitiosos
1874 778 2036 819 affectus,
2067 778 2196 822 quibus

1217 834 1333 860 tamen
1353 839 1598 870 repugnamus.

1318 885 1470 918 XXXII.
1517 884 1648 920 Errant
1682 892 1799 920 autem
1831 886 1989 920 furenter
2021 883 2197 926 monachi,

1218 937 1277 980 qui
1297 936 1418 969 dicunt
1433 936 1582 969 venialia
1607 948 1679 970 esse
1703 947 1826 981 parvas
1849 937 1984 970 ordinis
2006 937 2198 970 conturba-

1219 988 1331 1020 tiones
1354 993 1490 1029 praeter
1512 986 1642 1029 legem,
1678 999 1751 1019 non
1776 995 1897 1020 contra
1919 988 2042 1030 legem.
2107 985 2198 1019 Nam

1191 1047 1193 1052 ’
1220 1043 1353 1069 certum
1373 1043 1438 1076 est,
1467 1036 1551 1069 vitia
1575 1037 1710 1081 reliqua
1737 1037 1772 1069 in
1796 1037 1898 1069 nobis
1925 1048 1996 1069 esse
2019 1037 2108 1069 mala
2134 1048 2201 1079 pu-

1219 1086 1362 1128 gnantia
1390 1098 1467 1117 cum
1492 1086 1564 1127 lege
1582 1086 1671 1126 Dei,
1715 1093 1751 1119 ut
1778 1086 1908 1119 Paulus
1933 1086 2039 1121 Rom.
2055 1086 2092 1120 7.
2119 1098 2199 1129 per-

1219 1135 1337 1179 spicue
1365 1135 1526 1168 affirmat.
1596 1134 1667 1167 Nee
1700 1136 1920 1168 extenuanda
1945 1142 1995 1168 est
2018 1135 2199 1178 turpitudo

1220 1184 1324 1217 huius
1342 1182 1509 1224 ‹tus-§lab
1546 1185 1603 1217 sed
1622 1186 1881 1227 agnoscendum
1901 1191 1936 1218 et
1952 1185 2200 1217 celebrandum

1220 1235 1427 1267 beneficium
1444 1235 1664 1276 mediatoris,
1690 1236 1751 1280 qui
1767 1242 1818 1269 est
1832 1235 2096 1273 umbraculum,
2130 1247 2200 1280 quo

1220 1283 1305 1318 haec
1323 1291 1458 1329 peccata
1475 1292 1652 1328 teguntur.

1323 1351 1493 1385 XXXIII.
1550 1351 1652 1384 Hanc
1687 1351 1949 1385 distinctionem
1983 1358 2204 1395 peccatorum

1223 1402 1381 1436 existimo
1408 1408 1485 1446 apte
1502 1399 1557 1435 his
1580 1402 1876 1446 appellationibus
1900 1402 2069 1435 illustrari
2092 1414 2202 1446 posse,

1225 1453 1253 1485 si
1268 1453 1505 1494 distinguatur
1522 1459 1699 1496 peccatum
1718 1452 1755 1484 in
1773 1459 1949 1495 peccatum
1969 1462 2138 1494 regnans,
2171 1460 2204 1486 et

1224 1515 1294 1535 non
1313 1505 1480 1545 regnans,
1507 1514 1595 1547 quae
1612 1502 1757 1535 nomina
1773 1509 1970 1543 congruunt
1986 1514 2064 1534 cum
2085 1499 2205 1545 phrasi

1225 1553 1324 1586 Pauli
1337 1579 1346 1591 ,
1373 1553 1433 1596 qui
1451 1553 1513 1585 ait:
1541 1552 1621 1585 Non
1640 1559 1760 1593 regnet
1776 1559 1966 1594 peccatum.
1999 1550 2047 1584 Et
2063 1553 2204 1585 videtur

1225 1601 1360 1647 phrasis
1378 1614 1417 1634 ex
1437 1601 1566 1635 Genesi
1585 1609 1616 1634 et
1632 1601 1778 1634 Psalmis
1794 1608 1907 1635 sumta
1924 1613 2015 1642 esse,
2041 1608 2080 1635 ut
2096 1601 2130 1637 4.
2148 1614 2205 1635 ca-

1224 1653 1293 1695 pite
1328 1650 1476 1685 Genesis
1507 1652 1651 1685 dicitur:
1701 1650 1760 1684 'su
1787 1652 1979 1684 domineris
2007 1651 2093 1686 eius.
2160 1650 2206 1685 Et

1224 1702 1349 1735 Psalm.
1380 1702 1480 1737 119.:
1526 1701 1608 1735 Non
1642 1701 1844 1734 dominetur
1880 1701 1950 1734 mei
1985 1701 2101 1735 omnis
2134 1701 2205 1734 ini-

1224 1760 1349 1797 quitaS.

1588 1837 1843 1871 Conclusio.

1325 1902 1427 1936 Hanc
1443 1902 1708 1948 explicationem
1725 1901 1908 1936 doctrinae
1931 1902 1974 1935 dc
1998 1902 2065 1936 fide
2087 1908 2120 1936 et
2142 1903 2205 1936 bo-

1225 1954 1280 1986 nis
1304 1954 1487 1997 operibus,
1529 1953 1646 1986 iudico
1672 1965 1789 1986 veram
1813 1964 1900 1993 esse,
1941 1959 1973 1986 et
1997 1964 2205 1986 consensum

1226 2002 1417 2037 catholicae
1440 2002 1617 2037 Ecclesiae
1639 2002 1706 2036 Dei
1737 2010 1962 2046 perpetuum,
1997 2016 2101 2048 quern
2125 2003 2206 2048 qui-

1227 2055 1305 2087 dem
1324 2061 1356 2087 et
1371 2052 1546 2087 Ecclesiae
1561 2054 1597 2086 in
1613 2051 1668 2086 his
1686 2054 1887 2097 regionibus
1905 2061 2032 2088 sonant
2046 2066 2117 2087 uno
2134 2054 2205 2097 spi-

1227 2105 1296 2138 ritu
1314 2111 1346 2138 et
1369 2116 1439 2138 una
1462 2117 1565 2143 voce,
1591 2116 1670 2138 cum
1692 2116 1773 2138 vera
1788 2103 1854 2137 Dei
1869 2102 2026 2138 Ecclesia
2048 2103 2207 2137 omnium

1227 2162 1444 2199 temporum,
1470 2167 1595 2200 meque
1609 2166 1745 2198 semper
1765 2155 1808 2188 ad
1826 2155 2094 2188 declarationem
2113 2153 2205 2197 piam

1228 2218 1344 2239 coram
1367 2205 1496 2239 nostris
1517 2203 1684 2238 Ecclesiis
1707 2205 1836 2244 offero,
1869 2205 1898 2238 si
1922 2204 2006 2249 quid
2029 2204 2117 2236 forte
2142 2204 2206 2236 ob-

1228 2257 1381 2295 scurius,
1421 2262 1480 2290 aut
1504 2257 1663 2288 nondum
1688 2255 1771 2289 satis
1793 2255 1959 2299 explicate
1983 2254 2116 2287 dictum
2142 2260 2205 2294 est,

1228 2313 1267 2340 ut
1284 2307 1442 2340 videmus
1460 2318 1532 2339 rem
1551 2306 1729 2339 difficilem
1751 2317 1841 2347 esse,
1872 2304 2054 2349 perspicue
2073 2311 2203 2338 tantam

1228 2369 1344 2390 rerum
1371 2357 1640 2401 amplitudinem
1666 2367 1847 2400 exponere.
1899 2353 2016 2397 Quare
2038 2361 2070 2388 et
2090 2355 2125 2387 in
2145 2366 2205 2387 ve-

1228 2414 1340 2441 terum
1364 2408 1502 2452 scriptis
1518 2419 1635 2452 sparsa
1652 2413 1733 2440 sunt
1748 2405 1856 2438 multa
1873 2417 1945 2437 non
1964 2405 2045 2438 satis
2063 2404 2205 2448 proprie

1228 2459 1337 2498 dicta,
1365 2465 1398 2492 et
1422 2465 1538 2492 tamen
1563 2464 1764 2501 perpetuam
1787 2456 1996 2489 sententiam
2015 2454 2205 2494 Ambrosii,

1229 2507 1437 2551 Augustini,
1465 2507 1655 2546 Bernardi,
1680 2505 1835 2545 Tauleri,
1863 2505 2035 2548 XVesseli,
2063 2512 2095 2539 et
2111 2506 2205 2539 niul-

1228 2566 1342 2592 torum
1377 2559 1527 2592 aliorum
1559 2568 1748 2599 congruere
1773 2557 1956 2589 nobiscum
1984 2562 2115 2589 certum
2139 2562 2204 2589 est:

1227 2622 1265 2642 ac
1287 2610 1397 2642 filium
1422 2608 1487 2643 Dei
1510 2620 1591 2647 oro,
1631 2613 1669 2640 ut
1692 2614 1824 2640 mentes
1848 2613 1984 2640 nostras
2013 2613 2126 2649 regat,
2165 2613 2204 2639 ut

1227 2672 1308 2694 vera
1325 2660 1546 2694 invocatione
1574 2663 1606 2691 et
1632 2669 1710 2691 vera
1737 2658 1937 2692 obedientia
1956 2669 2033 2691 eum
2051 2656 2204 2690 celebre-
