2324 2955
200 127 271 162 887

197 212 385 246 exercitum
408 207 450 239 ab
469 203 612 246 Alpium
636 200 794 233 saucibus
818 200 1046 244 pepulerunt,
1075 205 1109 232 et
1128 199 1171 232 ad

198 261 345 296 Athesin
363 259 491 289 flumen
509 260 618 286 castra
637 252 804 284 fecerunt.
855 249 933 282 Huc
951 261 1097 292 propere
1114 261 1174 281 ve-

198 314 299 345 niens
316 307 469 344 Marius,
495 311 528 336 et
553 302 739 334 exercitum
755 299 871 332 Catuli
899 311 976 332 cum
1002 310 1063 331 suo
1089 311 1175 331 con-

200 364 362 400 iungens,
406 353 594 388 trucidavit
629 357 768 383 centum
801 349 1032 394 quadraginta
1065 349 1176 381 millia

198 410 443 443 Cimbrorum,
471 410 503 435 et
526 401 719 444 sexaginta,
744 400 800 431 die
822 398 985 432 vicesimo
1006 411 1099 431 nono
1119 398 1176 432 lu—

201 460 249 492 tii.
308 456 471 489 Liberata
502 453 608 494 igitur
642 450 740 483 Italia
769 448 956 482 Cimbricis
987 449 1177 482 terroribus

200 507 335 542 Marius
373 512 406 538 et
434 503 579 537 Catulus
609 500 759 534 Romam
797 500 839 532 ad
874 496 1093 543 triumphum
1124 510 1178 531 re-

200 559 354 591 dierunt.

232 682 296 714 De
331 678 450 713 bello
486 675 654 709 sociali
690 677 730 706 ei
766 671 904 705 bellis
940 669 1155 705 civilibus

382 731 485 771 post
513 724 793 759 Cimbricum
821 720 997 755 bellum.

304 802 482 835 Adversus
508 806 666 832 externos
688 794 803 828 hostes
825 805 970 836 magnae
995 805 1047 827 res
1070 800 1182 837 gestae

205 859 285 887 sunt
310 863 420 896 usque
443 851 485 882 ad
512 849 614 881 finem
633 846 716 879 belli
733 844 913 879 Cimbrici.
964 843 1105 887 Iamque
1124 855 1183 876 ve-

205 906 257 937 lut
281 908 379 946 parto
403 911 538 933 summo
556 896 703 941 imperio
723 901 798 927 orta
817 901 897 927 sunt
913 895 1004 926 bella
1020 894 1182 926 intestina

205 955 296 986 inter
315 950 496 985 Romanos
520 955 551 981 et
575 947 686 980 socios
703 944 858 983 Italicos,
885 951 917 977 et
941 944 1066 976 deinde
1093 944 1184 977 inter

204 1003 386 1037 Romanos
410 1001 523 1044 ipsos,
557 1008 644 1041 quae
666 996 809 1028 suerunt
831 994 933 1037 plena
959 994 1184 1027 crudelitatis·

204 1053 299 1086 Haec
330 1050 485 1093 exempla
512 1047 720 1085 ostendunt,
756 1043 901 1086 imperia
924 1054 997 1075 non
1020 1041 1184 1075 humanis

205 1101 362 1136 consiliis
385 1098 535 1137 servari,
562 1097 620 1129 sed
641 1096 751 1127 donec
771 1094 918 1132 durant,
945 1092 1075 1124 servari
1094 1092 1184 1124 divi-

206 1153 320 1193 nitus,
354 1158 386 1184 et
417 1157 532 1183 tamen
563 1147 695 1179 interea
725 1141 913 1175 horribiles
939 1153 1068 1185 poenas
1090 1153 1185 1174 acce-

206 1205 305 1242 dere,
331 1212 395 1233 nec
417 1205 552 1232 tantum
575 1197 661 1228 iram
678 1193 745 1227 Dei
763 1193 928 1225 adversus
947 1198 1081 1234 peccata
1102 1204 1186 1224 con-

207 1252 311 1296 spici,
338 1251 397 1283 sed
420 1248 486 1282 hoc
512 1257 670 1291 quoque,
697 1243 791 1289 quod
816 1243 906 1275 inter
929 1248 1044 1275 tantos
1060 1242 1186 1274 fluctus

207 1304 278 1345 ipse
303 1307 419 1333 tamen
442 1303 553 1331 servet
569 1294 715 1338 imperia
733 1294 843 1325 donec
861 1293 999 1324 durant.
1054 1289 1187 1324 Omnia

206 1351 292 1385 haec
314 1350 421 1386 bella,
455 1346 611 1385 Sociale,
646 1343 829 1388 Syllanum
855 1348 887 1374 et
912 1341 1108 1380 Iulianum,
1136 1342 1187 1373 la-

206 1402 312 1434 niena
336 1398 480 1432 fuerunt
505 1396 653 1432 civium,
680 1392 855 1426 nobilium
873 1398 905 1424 et
922 1391 1049 1435 plebis,
1075 1392 1187 1436 quails

207 1463 280 1485 non
295 1450 361 1483 alia
378 1449 514 1491 legitur.

309 1498 463 1534 Caeteris
494 1503 609 1530 autem
641 1493 798 1533 omissis,
831 1503 940 1536 pauca
972 1491 1014 1524 de
1043 1490 1188 1537 Syllano

208 1552 302 1585 bello
329 1550 460 1589 dicam,
487 1554 526 1580 ut
548 1547 698 1579 duorum
716 1544 843 1575 ducum
858 1548 1022 1581 naturae,
1051 1542 1189 1584 magni-
1213 1563 1215 1570 s

209 1602 295 1635 tudo
320 1611 438 1633 rerum
461 1603 634 1638 gestarum
659 1600 691 1626 et
716 1592 803 1625 vicia
819 1592 1093 1624 considerentur.
1147 1590 1188 1623 In

210 1648 345 1684 Illario
368 1648 428 1693 qul
452 1647 615 1681 Cimbros
639 1644 788 1681 vicerat,
820 1642 1010 1679 calliditas,
1037 1641 1189 1673 crudeli-

211 1710 262 1736 tas
286 1707 320 1733 et
337 1698 481 1732 ambitio
502 1697 623 1738 ingens
638 1693 715 1727 suit.
768 1691 863 1723 llaec
879 1702 976 1722 caeca
991 1690 1135 1722 ambitio
1152 1690 1189 1721 in

212 1762 292 1785 sene
329 1760 430 1782 causa
467 1747 534 1779 suit
569 1750 686 1788 postea
723 1739 914 1775 saevissimi
947 1740 1032 1772 belli
1067 1739 1190 1772 civilis.

211 1801 303 1835 Cum
324 1799 420 1838 Sylla
445 1797 515 1829 dux
538 1801 658 1828 contra
677 1789 921 1824 Mithridatem
944 1790 1069 1822 missus
1094 1795 1190 1829 esset,

211 1839 359 1894 impulit
378 1846 514 1880 Marius
536 1842 732 1887 Sulpicium
758 1840 960 1873 Tribunum
989 1840 1116 1882 plebis,
1151 1845 1191 1871 ut
1216 1862 1217 1868 η

212 1902 323 1943 legem
338 1899 444 1931 ferret
460 1897 502 1928 de
519 1892 715 1927 revocando
732 1890 846 1935 Sylla,
872 1896 905 1921 ct
921 1889 1091 1922 mittendo
1110 1888 1191 1921 Ma-

213 1951 266 1983 rio
295 1949 339 1982 ad
369 1946 560 1990 gerendum
591 1942 724 1975 bellum
754 1937 1045 1973 Mithridaticum,
1099 1938 1192 1971 Huic

213 2000 280 2042 legi
296 2010 374 2031 cum
392 1995 524 2030 Consul
537 1993 579 2036 Q.
590 1991 777 2034 Pompeius
793 1990 1053 2030 adversaretur,
1081 1989 1191 2021 filium

211 2048 375 2083 Consulis
390 2057 556 2088 generum
567 2043 683 2088 Syllae
698 2039 1022 2082 occiditSulpicius,
1075 2038 1191 2072 Tanto

213 2100 311 2133 urbis
334 2097 487 2132 tumultu
510 2093 648 2135 cognito
674 2091 770 2135 Sylla
796 2090 999 2134 priusquam
1024 2089 1061 2121 in
1081 2088 1193 2122 Grae-

214 2150 301 2183 ciam
326 2147 523 2189 navigaret,
556 2142 707 2177 Romam
733 2153 810 2173 cum
836 2139 987 2172 exercitu
1012 2139 1133 2179 rediit,
1161 2145 1194 2172 et
1219 2159 1221 2165 ι

214 2199 389 2232 damnatis
405 2195 521 2230 Mario
546 2200 578 2226 et
596 2190 752 2234 Sulpicio
769 2189 997 2232 Reipublicae
1020 2189 1194 2233 tranquil—

215 2251 347 2282 litatem
371 2246 540 2284 restituit,
567 2241 764 2285 Sulpicium
784 2239 985 2273 Tribunum
1010 2239 1193 2273 interfecit.

217 2298 352 2332 Marius
370 2298 456 2330 clam
474 2294 563 2337 sugit
578 2293 616 2324 in
634 2289 837 2334 Apltricam.

317 2347 452 2380 Deinde
477 2345 572 2389 Sylla
603 2342 777 2386 profectus
804 2346 924 2373 contra
948 2336 1194 2373 inthridatem

218 2397 435 2441 recuperavit
452 2393 636 2427 Graeciam
652 2398 685 2425 et
701 2391 785 2424 alias
802 2390 1000 2434 provincias
1017 2401 1036 2422 a
1048 2387 1196 2422 Mithri-

217 2452 297 2483 date
313 2452 505 2488 occupatas.

318 2496 456 2530 Interea
481 2493 615 2527 Romae
646 2498 724 2525 eum
747 2489 861 2525 Cinna
893 2501 1004 2523 novos
1027 2490 1197 2524 tumultus

217 2552 390 2584 moveret,
423 2551 460 2577 ut
484 2542 612 2575 Italicis
637 2542 713 2575 iura
740 2540 896 2583 suffragii
919 2541 1033 2581 daret,
1064 2539 1197 2575 Consul

217 2596 390 2632 Octavius
422 2605 500 2627 eum
532 2592 620 2625 urbe
653 2591 794 2634 expulit.
854 2589 985 2624 Nactus
1010 2591 1197 2624 exercitum

434 119 639 157 senum
668 117 743 152 PII.
771 114 885 150 MEL.
914 113 978 149 AD
1005 112 1134 147 msr.
1161 111 1302 148 PROF.
1332 110 1396 145 ΕΤ
1421 109 1614 145 PHtLOS.
1643 110 1958 147 SPECTANTJA.

2128 112 2199 146 888

1227 196 1362 236 Mario,
1389 195 1591 238 praecipuos
1616 196 1710 229 viros
1724 195 1906 229 Romanae
1932 196 2126 230 nobilitatis
2146 196 2201 228 in-

1226 247 1374 280 terfecit:
1404 244 1591 279 Octavium
1617 246 1826 285 Consulem,
1852 244 2046 278 Antonium
2071 245 2202 279 Orato-

1227 309 1319 336 rem,
1346 296 1493 328 Lucium
1513 302 1545 328 et
1557 294 1680 329 Caium
1692 295 1854 329 Caesares
1871 297 2011 336 fratres,
2039 294 2201 329 Catulum

1229 354 1261 380 et
1279 346 1408 379 multos
1428 345 1523 378 alios.

1331 394 1419 428 Cum
1452 394 1566 427 Cinna
1597 395 1719 427 urbem
1751 395 1944 435 obsideret,
1984 396 2053 428 duo
2082 396 2205 428 fratres

1230 447 1318 479 alter
1334 458 1373 478 ex
1389 443 1523 478 Cinnae
1541 445 1710 483 exercitu,
1737 444 1823 477 alter
1839 457 1878 476 ex
1894 446 2087 485 contrario,
2114 445 2205 478 inter

1232 508 1302 529 sese
1327 495 1556 534 dimicarunt,
1583 506 1662 527 cum
1686 501 1808 527 neuter
1829 494 1976 527 alterum
1998 501 2205 537 agnosceret.

1233 546 1354 580 Postea
1384 546 1496 578 victor
1520 544 1673 587 spolians
1697 545 1937 582 intersectum,
1970 545 2112 587 agnovit
2137 545 2206 578 fra-

1234 605 1338 637 trem,
1363 601 1395 628 et
1410 607 1494 638 rogo
1510 601 1664 628 extructo
1679 605 1750 628 sese
1766 595 1966 637 impositum
1982 594 2119 637 corpori
2135 595 2209 627 fra-

1234 648 1296 680 tris
1332 645 1512 680 transfixit.
1572 643 1674 678 Talia
1703 651 1784 678 sunt
1812 644 2004 688 spectacula
2034 644 2208 677 bellorum

1234 698 1403 731 civilium.

1335 745 1471 779 Marius
1504 751 1600 788 pater
1633 744 1791 787 proximo
1825 756 1917 777 anno
1948 750 2025 787 post
2058 743 2209 776 reditum

1236 795 1520 841 septuagenarius
1536 801 1569 827 et
1587 805 1705 827 errans
1720 802 1835 827 mente
1854 802 2011 828 mortuus
2029 800 2086 826 est.

1335 846 1471 879 Deinde
1503 843 1618 878 Cinna
1647 851 1679 877 et
1709 843 1823 877 Carbo
1855 856 1926 876 sese
1956 844 2029 876 sine
2061 841 2211 876 comitiis

1235 895 1405 929 Consules
1432 902 1594 928 crearunt
1619 894 1655 926 in
1678 894 1872 928 biennIum.
1924 893 2082 937 Cumque
2097 891 2212 925 Cinna

1236 953 1392 979 metuens
1408 944 1524 988 Syllae
1548 945 1719 984 reditum,
1746 945 1787 976 ad
1814 956 1915 988 quem
1940 943 2085 986 plurimi
2107 942 2213 974 nobi-

1236 997 1285 1028 les
1304 995 1371 1027 viri
1391 995 1636 1036 confugerant,
1663 994 1827 1026 adversus
1844 1006 1922 1027 eum
1939 994 2107 1026 ducturus
2126 997 2214 1024 essct

1209 1067 1210 1076 1
1237 1045 1445 1083 exercitum,
1486 1044 1615 1076 milites
1648 1044 1806 1075 nolentes
1836 1043 1971 1085 ingredi
2000 1052 2105 1074 naves
2134 1052 2213 1073 eum

1238 1094 1498 1127 interfecerunt.
1552 1092 1601 1125 lta
1625 1103 1752 1134 poenas
1777 1093 1872 1125 dedit
1890 1104 1970 1125 suae
1990 1091 2215 1127 crudelitatis,

1238 1155 1315 1176 cum
1358 1142 1460 1174 initio
1498 1142 1665 1183 collegam
1707 1140 1895 1174 Consulem
1935 1139 2141 1179 Octavium,
2182 1146 2216 1172 et

1239 1193 1367 1226 deinde
1401 1192 1675 1226 innumerabiles
1706 1192 1911 1235 praecipuos
1940 1191 2035 1224 viros
2066 1195 2216 1223 curasset

1238 1242 1398 1277 interfici.

1342 1292 1425 1326 Post
1448 1292 1589 1325 tertium
1616 1303 1747 1324 annum
1771 1290 1867 1337 Sylla
1892 1292 1983 1325 redit
2006 1292 2043 1323 in
2069 1289 2218 1329 Italiam,

1212 1375 1213 1384 ,
1239 1344 1327 1376 sacta
1352 1354 1433 1385 pace
1459 1353 1538 1374 cum
1564 1339 1790 1381 Mithridate,
1818 1342 1856 1375 L.
1879 1341 2043 1384 Scipione
2067 1347 2099 1373 et
2124 1340 2219 1372 Nor-

1240 1394 1332 1425 bano
1351 1392 1451 1425 Coss:
1480 1392 1610 1424 ducens
1635 1391 1778 1432 triginta
1800 1391 1912 1423 millia
1927 1391 2080 1424 militum
2098 1396 2219 1423 contra

1241 1444 1328 1475 duos
1352 1441 1560 1475 Consulares
1590 1441 1778 1481 exercitus,
1811 1441 1848 1473 in
1879 1441 2006 1486 quibus
2029 1446 2126 1472 erant
2153 1440 2219 1472 du-

1242 1500 1340 1526 centa
1371 1491 1492 1523 millia.
1560 1490 1630 1524 Sed
1655 1490 1695 1523 L.
1718 1491 1892 1535 Scipionis
1923 1490 2091 1523 exercitus
2124 1489 2217 1522 ultro

1242 1544 1283 1575 ad
1303 1542 1434 1586 Syllam
1452 1540 1601 1574 transiit.
1655 1540 1815 1573 Norbani
1835 1541 2021 1573 exercitum
2036 1539 2108 1572 acie
2126 1539 2222 1578 vicit,

1242 1591 1422 1626 trucidatis
1446 1598 1576 1634 septem
1599 1590 1766 1623 millibus.
1819 1589 1885 1622 llic
1900 1590 2088 1622 Norbanus
2102 1595 2220 1632 postea

1214 1677 1215 1680 Ἰ
1243 1643 1279 1674 in
1295 1639 1465 1674 Rhodum
1491 1640 1627 1682 fugiens
1653 1651 1731 1672 cum
1755 1651 1773 1671 a
1791 1639 1886 1684 Sylla
1911 1640 2157 1683 deposceretur
2177 1638 2221 1669 ad

1243 1690 1475 1733 supplicium,
1510 1691 1547 1721 in
1580 1690 1656 1722 foro
1681 1687 1826 1722 Rhodio
1856 1689 1925 1722 sibi
1956 1694 2104 1721 mortem
2137 1698 2222 1720 con-

1242 1741 1353 1774 scivit.

1345 1783 1468 1821 Carbo
1491 1788 1580 1830 sugit
1599 1789 1636 1820 in
1657 1787 1834 1828 Siciliam,
1861 1787 1922 1820 ubi
1945 1798 1964 1819 a
1990 1786 2091 1819 Gneo
2115 1784 2220 1818 Pom-

1243 1840 1321 1884 peio
1340 1845 1459 1882 captus
1477 1845 1511 1871 et
1527 1839 1728 1872 interfectus
1746 1845 1807 1872 est.

1346 1890 1486 1922 Deinde
1517 1895 1550 1921 et
1572 1887 1709 1921 Marius
1736 1888 1828 1921 filius
1849 1887 1920 1920 acie
1945 1887 2057 1919 victus
2085 1894 2153 1924 est,
2177 1884 2222 1919 'ac

1245 1938 1503 1983 scripsitSylla,
1527 1949 1561 1970 se
1578 1944 1713 1971 tantum
1730 1937 1854 1980 viginti
1872 1937 2000 1970 milites
2015 1937 2051 1968 in
2068 1948 2107 1969 eo
2123 1947 2222 1980 prae-

1245 1990 1293 2022 lio
1323 1990 1495 2028 amisisse,
1527 1986 1683 2021 hostium
1716 1999 1798 2021 vero
1830 1987 1957 2029 viginti
1986 1986 2098 2020 millia
2127 1996 2223 2019 caesa

1245 2051 1336 2077 esse,
1362 2047 1396 2073 et
1419 2046 1495 2072 octo
1521 2038 1632 2071 millia
1655 2044 1766 2081 capta.
1818 2037 1954 2071 Marius
1976 2036 2068 2069 filius
2092 2048 2170 2069 cum
2186 2036 2224 2068 in

1247 2090 1416 2133 oppidum
1439 2089 1602 2122 Preneste
1631 2088 1792 2131 fugisset,
1828 2094 1861 2121 et
1883 2088 2127 2120 circumsessus
2150 2096 2223 2118 non

1247 2147 1361 2183 posset
1377 2140 1544 2182 effugere,
1572 2138 1639 2172 sibi
1656 2145 1804 2171 mortem
1823 2137 2002 2171 conscivit.

1349 2189 1439 2224 Cum
1461 2188 1677 2222 adversarios
1693 2188 1790 2233 Sylla
1814 2189 1906 2221 intra
1928 2186 2110 2220 biennium
2134 2196 2152 2218 a
2169 2197 2224 2218 re-

1248 2240 1326 2273 ditu
1349 2240 1504 2279 vicisset,
1532 2239 1680 2273 Senatus
1703 2238 1929 2272 comitiorum
1953 2247 2053 2269 causa
2072 2234 2225 2268 Interre-

1248 2302 1325 2333 gem
1347 2290 1476 2323 creavit
1497 2289 1536 2324 L.
1562 2289 1741 2322 Valerium
1755 2288 1937 2327 Flaccum,
1964 2286 2024 2330 qui
2046 2285 2156 2328 legem
2180 2285 2225 2318 ad

1247 2341 1418 2385 populum
1440 2340 1538 2381 tulit,
1565 2338 1682 2384 Syllae
1698 2339 1808 2372 videri
1826 2350 1843 2371 e
1857 2334 2054 2380 Republica
2073 2346 2143 2368 esse
2159 2332 2225 2368 Di-

1248 2398 1414 2424 ctatorem
1430 2390 1497 2423 dici
1508 2417 1516 2430 ,
1543 2391 1604 2435 qui
1618 2390 1852 2434 perturbatam
1861 2385 2129 2429 Rempublicam
2146 2396 2226 2418 rur-

1249 2452 1306 2474 sus
1334 2440 1531 2480 ordinaret,
1566 2440 1608 2473 de
1633 2451 1701 2485 qua
1725 2439 1796 2481 lege
1818 2436 1939 2471 Cicero
1966 2435 2082 2480 inquit
2104 2441 2226 2468 contra

1249 2490 1414 2526 Rullum:
1450 2489 1623 2524 Omnium
1651 2490 1765 2531 legum
1792 2486 2048 2532 iniquissimam
2071 2484 2225 2518 dissimi-

1250 2542 1439 2586 limamque
1461 2541 1544 2584 legis
1565 2551 1636 2573 esse
1657 2538 1810 2573 arbitror
1827 2549 1921 2577 eam,
1948 2547 2051 2582 quam
2067 2534 2108 2570 L.
2125 2534 2226 2568 Flac-

1251 2603 1310 2625 cus
1326 2591 1482 2626 Interrex
1505 2592 1548 2624 de
1564 2589 1659 2634 Sylla
1680 2589 1778 2632 tulit,
1804 2595 1842 2623 ut
1864 2587 1982 2622 omnia
1998 2595 2224 2631 quaecunque

215 2647 330 2682 Cinna
358 2644 462 2679 rediit
487 2643 528 2676 ad
557 2641 698 2681 urbem,
734 2647 766 2674 et
790 2647 949 2674 revocato
976 2653 1016 2674 ex
1044 2639 1199 2687 Aphrica
1223 2652 1226 2675 l
1252 2643 1312 2676 ille
1328 2642 1479 2680 fecisset,
1506 2646 1617 2674 essent
1635 2646 1720 2675 rata.
