2324 2955
94 114 166 149 445

195 195 229 229 4.
269 192 394 241 anue
412 196 466 229 lex
493 194 612 240 aliquo
631 194 738 227 modo
763 193 971 228 naturaliter
997 198 1080 227 nota

93 254 152 281 est.

194 295 230 332 5.
276 295 340 331 Est
358 303 390 330 et
406 307 517 329 unum
534 293 769 339 Evangelium
781 322 791 336 ,
817 294 979 329 videlicet
997 306 1081 338 pro-

91 348 211 381 missio
235 348 278 381 de
300 346 478 381 beneficiis
503 343 652 385 Christi,
687 347 839 380 revelata
863 346 980 380 statim
1003 352 1080 389 post

94 400 228 444 lapsum
246 395 364 438 Adae,
390 403 423 431 et
449 397 578 431 tradita
603 397 769 442 posteris,
804 409 843 430 ac
870 397 979 440 magis
1005 407 1080 430 ma—

89 450 212 494 gisque
231 447 424 492 patefacta,
450 460 617 482 mansura
640 454 823 493 perpetuu.

189 498 225 534 6.
266 497 337 532 Nec
362 505 485 532 notum
511 506 562 534 est
582 497 817 542 Evangelium
843 498 990 540 rationi,
1018 499 1078 531 sed

89 556 227 583 tantum
244 549 417 584 divinitus
442 550 655 589 revelatum,
681 555 722 583 ut
740 546 916 583 lohannes
939 549 1072 595 inquit:

88 599 219 641 Filius,
246 600 309 646 qui
335 607 385 634 est
409 601 446 633 in
461 601 541 634 sinu
561 600 688 644 patris,
714 600 789 644 ipse
813 600 1000 634 enarravit.

189 650 225 685 7.
266 650 338 685 Nec
365 657 498 696 patres,
525 663 589 685 nec
615 651 802 697 quisquam
824 651 977 686 salvatur
992 662 1075 694 pro-

87 709 166 745 pter
184 701 270 745 legis
291 702 587 738 observationem.

187 752 222 786 8.
251 751 322 786 Sed
337 758 452 797 patres
469 753 554 795 fide,
580 753 617 786 id
634 759 698 794 est,
723 752 852 786 fiducia
872 751 1074 785 misericor-

85 803 163 837 diae
178 802 369 847 promissae
383 810 527 848 propter
543 811 733 838 venturum
751 801 988 844 liberatorem,
1004 803 1074 837 sal·

88 854 160 888 vati
176 860 259 887 sunt
274 854 381 897 gratis
392 881 401 896 ,
426 867 500 888 non
518 862 663 900 propter
677 854 799 898 legem.

185 903 220 939 9.
256 903 360 939 Sicut
383 912 417 939 et
439 918 504 939 nos
519 906 605 945 fide,
632 906 667 939 id
689 911 760 946 est,
786 903 913 938 fiducia
932 904 1070 938 miseri-

85 955 226 989 cordiae
254 956 444 1000 promissae
476 963 620 1000 propter
657 956 809 989 eundem
847 955 1072 989 liberatorem

85 1005 198 1040 filium
220 1004 286 1040 Dei
308 1006 378 1040 iam
400 1005 598 1041 exhibitum
623 1006 818 1047 salvamur,
845 1005 972 1049 gratis,
999 1018 1072 1040 non

83 1063 228 1101 propter
253 1056 374 1100 legem.

202 1107 260 1143 10.
288 1107 409 1141 Patres
426 1106 532 1141 etiam
549 1115 629 1142 ante
648 1108 759 1151 legem
774 1105 895 1148 Moisi‚
915 1114 954 1141 ut
972 1114 1073 1142 erant

84 1158 149 1192 sub
165 1165 279 1192 morte
292 1185 302 1199 ,
329 1158 376 1193 ita
397 1164 431 1191 et
448 1158 514 1191 sub
530 1157 615 1203 lege,
643 1159 678 1192 id
696 1164 757 1199 est,
784 1157 980 1192 terroribus
997 1158 1071 1192 irae

85 1215 119 1243 et
135 1208 259 1242 iudicii
272 1209 385 1242 divini
403 1215 513 1242 erant.

188 1260 246 1294 11.
282 1259 352 1294 Sed
373 1271 393 1293 a
415 1259 489 1302 lege
513 1258 756 1292 liberabantur
778 1259 863 1299 fide,
891 1270 952 1292 seu
970 1259 1071 1302 agni-

84 1309 181 1343 tione
197 1307 343 1343 Christi.

185 1360 243 1396 12.
283 1359 374 1392 Nam
403 1365 436 1392 et
470 1358 722 1403 promissiones
750 1358 999 1402 intelligebant
1025 1358 1070 1390 de

84 1421 165 1443 vera
180 1409 400 1445 liberatione.

186 1459 243 1494 15.
270 1458 317 1493 Et
334 1458 501 1492 nonnulli
517 1465 774 1502 conspexerunt
789 1457 901 1491 filium
916 1458 1005 1498 Dei,
1031 1464 1069 1490 ut

83 1515 213 1545 extaret
231 1509 484 1549 testimonium,
511 1520 582 1553 quo
599 1509 877 1541 admonerentur
895 1508 965 1551 pii,
987 1519 1069 1540 vere

83 1560 274 1606 gubernari
300 1566 332 1593 et
357 1558 486 1592 salvari
502 1556 696 1592 Ecclesiam
718 1569 736 1590 a
753 1558 826 1590 filio
843 1556 928 1601 Dei,
957 1564 990 1592 et
1006 1558 1068 1590 de-

84 1611 182 1646 fendi
199 1611 366 1644 adversus
383 1608 590 1643 horribilem
607 1608 787 1642 saevitiam
809 1607 967 1643 Diaboli.
1008 1607 1067 1642 Sic

82 1663 249 1696 viderunt
267 1661 379 1694 filium
394 1659 462 1694 Dei
490 1659 607 1700 Iacob,
634 1658 753 1692 Moses
770 1665 803 1693 et
818 1657 959 1700 Daniel,
985 1658 1070 1692 ideo¹

86 1720 121 1747 et
136 1711 255 1746 David
272 1710 404 1756 inquit:
429 1708 654 1744 Osculamini
672 1709 796 1745 filium.

185 1760 243 1796 14.
289 1761 433 1804 Quanto
461 1760 572 1804 magis
596 1772 691 1794 nunc
717 1766 868 1794 statuere
885 1760 1067 1800 debemus,

82 1815 200 1849 adesse
223 1812 327 1846 nobis
348 1808 552 1852 Christum,
593 1817 711 1855 postea
745 1822 850 1857 quam
882 1823 918 1845 se
949 1811 1067 1857 palam

80 1863 233 1900 ostendit
248 1863 394 1896 mundo.

184 1912 244 1951 15.
279 1910 468 1949 lVicelius
480 1911 586 1957 impie
596 1911 789 1957 corrumpit
798 1910 901 1946 Pauli
916 1912 1065 1947 dictum:

80 1965 135 2001 Ex
152 1965 319 2012 operibus
344 1964 430 2007 legis
454 1976 527 1996 non
548 1962 795 2004 iustificamur,
822 1975 902 1997 cum
919 1970 1065 1997 conten-

83 2018 157 2058 dit,
184 2016 322 2051 excludi
345 2021 483 2050 tantum
507 2013 739 2053 ceremonias,
766 2025 839 2048 non
862 2026 966 2059 opera
988 2026 1066 2048 mo-

84 2069 173 2102 ralia
188 2067 369 2113 sequentia
385 2065 664 2100 conversionem.

188 2119 247 2154 16.
285 2115 448 2152 Christus
471 2116 565 2150 enim
587 2121 720 2160 patres,
762 2121 795 2150 et
818 2120 931 2150 totum
956 2127 1066 2160 genus

84 2168 280 2205 humanum
298 2168 462 2202 liberavit
478 2180 496 2202 a
514 2168 597 2211 lege.

149 2242 153 2247 ·
189 2220 248 2254 17.
288 2218 407 2262 Quare
429 2231 502 2252 non
524 2217 752 2261 intelligenda
783 2224 835 2252 est
862 2216 1025 2251 liberatio
1047 2229 1066 2251 a

85 2273 159 2315 lege
172 2278 310 2306 tantum
328 2271 371 2304 de
388 2270 606 2310 ceremoniis,
624 2280 702 2302 cum
720 2265 784 2301 hae
798 2280 870 2302 non
886 2269 1065 2313 pertinue-

86 2322 160 2356 rint
175 2323 218 2355 ad
235 2328 371 2366 genteS‚
398 2328 458 2355 aut
474 2328 588 2365 patres
611 2326 692 2353 ante
709 2319 831 2363 legem.

189 2372 249 2408 18.
275 2372 537 2406 Absurdissima
554 2378 606 2406 est
620 2368 770 2404 Basilii
783 2382 861 2412 vox,
879 2370 940 2416 qui
958 2382 1065 2416 quae-

87 2422 192 2464 renti,
216 2422 405 2466 Quomodo
421 2423 530 2457 simus
548 2422 642 2463 iusti,
661 2434 739 2455 cum
755 2428 872 2455 tamen
889 2421 927 2454 in
943 2422 1066 2465 singu-

86 2475 129 2507 lis
151 2474 221 2508 sint
237 2480 393 2518 peccata,
420 2475 623 2518 respondet:
652 2472 691 2506 Si
714 2473 815 2516 plura
830 2472 901 2506 sint
916 2479 1066 2516 peecata,

83 2525 130 2558 sit
164 2531 341 2570 peccator,
381 2523 446 2558 Sin
472 2532 588 2560 autem
620 2524 724 2569 plura
756 2529 849 2557 recte
878 2523 986 2565 sacta,
1021 2524 1067 2558 sit

84 2576 206 2611 iustus.

188 2625 244 2662 19.
270 2625 347 2660 IIoc
365 2626 496 2660 dictum
511 2627 626 2662 abolet
644 2626 841 2661 doctrinam
866 2626 909 2660 de
927 2626 1004 2665 fide,
1032 2633 1066 2661 et

83 2677 196 2711 adfert
219 2678 508 2722 desperationem.
562 2678 680 2713 Verba
716 2678 790 2712 eius
811 2676 898 2713 haee
920 2685 1002 2712 sunt
1026 2678 1062 2712 in

724 106 986 142 PlllLIPPI
1016 105 1472 148 MELANTHONIS.

2053 118 2126 154 446

1135 196 1293 231 Ilomilia
1317 199 1358 231 de
1372 197 1614 240 Poenitentia,
1642 201 1765 244 pagina
1783 199 1884 236 436.:
1921 202 1949 236 εἰ
1972 203 2122 238 πλείονα

1133 245 1181 281 τὰ
1198 245 1467 294 ἁμαρτήματα,
1497 250 1588 284 ἴστω
1606 248 1842 297 ἁλιιαρτωλὸς,
1872 253 1900 287 εἲ
1917 250 1956 288 δὲ
1970 252 2120 289 πλείονα

1133 296 1179 332 τὰ
1196 296 1450 344 δικαιώματα,
1479 301 1571 335 ἔστω
1587 299 1739 341 δίκαιος.

1235 350 1297 384 20.
1324 350 1457 384 Verum
1477 360 1525 386 est
1542 353 1674 386 dictum
1685 353 1855 396 Platonis,
1884 357 1978 390 nasci
1994 358 2119 391 nobis-

1134 413 1213 434 cum
1245 401 1382 447 aliquas
1415 403 1579 444 noticias,
1621 411 1660 437 ut
1684 416 1935 447 numerorum,
1970 408 2118 447 ordinis,

1131 452 1392 496 proportionis,
1427 456 1696 499 consequentiae
1721 456 1972 500 syllogisticae,
2008 471 2117 503 quae—

1132 504 1209 536 dam
1228 503 1404 547 principia
1422 505 1649 547 geometrica,
1678 503 1821 550 physica
1848 514 1879 542 et
1896 509 2056 543 moralia.

1232 554 1292 589 21.
1336 552 1413 588 Etsi
1439 557 1483 589 ad
1511 554 1574 589 has
1590 555 1790 589 excitandas
1807 558 1960 601 primum
1979 562 2115 593 moveri

1129 611 1266 649 oportet
1282 605 1498 641 intellectum
1517 606 1716 650 cognitione
1732 607 1932 652 aliquorum
1958 610 2116 653 singulo-

1128 668 1219 692 rum.

1229 708 1291 743 22.
1325 707 1397 741 Nec
1424 709 1582 751 intelligo
1607 709 1703 741 unde
1727 720 1798 742 esse
1825 710 2014 743 moralium
2039 722 2114 744 cer-

1127 757 1262 799 titudo,
1290 759 1360 792 nisi
1384 765 1500 793 essent
1526 759 1645 792 innata
1663 759 1856 803 principia,
1884 760 1965 794 ideo
1983 760 2114 795 Paulus

1126 809 1258 854 inquit:
1296 809 1406 857 ἔργον
1428 812 1497 845 τοῦ
1519 808 1639 854 νόμου
1660 808 1830 857 γραπτὸν
1857 810 1896 846 ἐν
1919 813 2000 850 ταῖς
2022 824 2112 858 καρ-

1125 856 1233 898 (llam.

1227 911 1289 947 23.
1323 910 1529 945 Macrobius
1546 912 1706 946 tribuens
1730 913 1989 948 semidiametro
2004 913 2113 947 IIori-

1126 961 1237 995 zontis
1253 969 1393 996 centum
1410 970 1443 996 et
1462 963 1637 1005 octoginta
1655 964 1784 1004 stadia,
1810 964 1846 996 id
1863 972 1933 1004 est,
1960 965 2114 998 miliaria

1124 1013 1324 1055 germanica
1342 1013 1480 1047 circiter
1496 1013 1673 1058 quinqua*
1692 1014 1851 1058 loquitur
1868 1016 1911 1047 de
1928 1014 2112 1048 horizonte

1125 1070 1297 1108 quatenus
1313 1064 1402 1097 acies
1420 1064 1604 1097 oculorum
1624 1064 1814 1097 terminum
1840 1065 2033 1100 constituit.

1225 1113 1286 1149 24.
1327 1114 1473 1148 Proclus
1512 1114 1771 1148 semidiametro
1813 1112 2008 1149 horizontis
2049 1118 2112 1149 tri-

1124 1164 1235 1198 buens
1257 1165 1355 1198 mille
1376 1165 1506 1203 stadia,
1548 1165 1585 1197 id
1613 1172 1682 1206 est,
1723 1165 1890 1199 milliaria
1912 1168 2112 1209 germanica

1124 1214 1264 1249 circiter
1280 1216 1424 1259 triginta
1437 1242 1446 1256 ,
1468 1215 1627 1261 loquitur
1641 1216 1684 1248 de
1709 1213 1909 1256 horizonte,
1938 1224 2111 1262 quatenus

1123 1266 1262 1300 variant
1285 1266 1498 1300 sensibiliter
1524 1266 1687 1299 coelestes
1707 1267 1950 1311 apparentiae,
1985 1280 2110 1302 secun—

1123 1317 1207 1349 dum
1225 1317 1484 1359 longitudinem
1501 1323 1533 1350 et
1549 1316 1786 1350 latitudinem.

1224 1364 1285 1401 25.
1328 1366 1451 1400 Postea
1474 1377 1596 1399 rursus
1620 1366 1784 1411 inquiens
1806 1365 2026 1401 horizontem
2050 1382 2110 1403 va-

1121 1415 1207 1450 riari
1224 1424 1303 1460 post
1320 1416 1395 1450 400
1421 1417 1550 1457 stadia,
1578 1417 1614 1450 id
1641 1424 1702 1456 est,
1728 1417 1894 1452 milliaria
1911 1421 2111 1462 germanica

1122 1466 1261 1500 circiter
1274 1467 1480 1507 duodecim,
1508 1478 1581 1499 non
1598 1467 1675 1500 vult
1690 1464 1782 1500 hanc
1799 1479 1870 1501 esse
1887 1470 2110 1512 diametrum,

1121 1517 1181 1548 sed
1204 1523 1307 1559 negat
1331 1523 1429 1549 tanto
1455 1516 1572 1560 spacio
1597 1516 1725 1549 variari
1750 1518 1913 1552 coelestes
1934 1531 2110 1564 apparen-

1122 1566 1186 1600 tias
1203 1567 1438 1608 sensibiliter,
1467 1564 1534 1600 hoc
1551 1573 1618 1607 est,
1645 1574 1769 1611 quarta
1785 1565 1893 1602 horae
1911 1576 2020 1613 parte.

1223 1624 1284 1661 26.
1326 1623 1373 1658 Et
1390 1622 1456 1658 hae
1473 1625 1725 1669 descriptiones
1743 1626 1881 1661 variant
1896 1627 2001 1669 locis,
2030 1629 2109 1662 ideo

1119 1675 1257 1710 erudite
1282 1673 1488 1720 Geographi
1513 1676 1718 1711 discernunt
1740 1676 1933 1724 intervalla'¹
1950 1679 2109 1713 locorum

1118 1726 1307 1770 gradibus,
1332 1739 1407 1761 non
1425 1726 1557 1761 stadiis.

1119 1831 1246 1878 (VII.)
1289 1834 1398 1870 Alia
1426 1832 1706 1881 theoloyica
1736 1833 2032 1880 disputatio:
2060 1838 2106 1872 de

1118 1883 1400 1932 iustae'ficatione.
1453 1887 1599 1931 (Legitur
1626 1891 1716 1918 etiam
1746 1891 1778 1919 in
1814 1900 1886 1930 opp.
1912 1889 1986 1924 Mel.
2010 1890 2105 1923 Basti.

1474 1938 1513 1970 T.
1530 1937 1588 1971 111.
1605 1951 1636 1979 p.
1651 1938 1744 1981 290.)

1194 2028 1318 2069 Quare
1343 2024 1419 2074 fide
1445 2024 1694 2074 iustificemur
1720 2039 1795 2063 non
1824 2028 2035 2064 dilectione.

1118 2095 1242 2134 Etiam
1262 2101 1453 2134 adversarii
1471 2101 1582 2135 nostri
1600 2109 1774 2144 coguntur
1789 2103 1907 2143 fateri,
1936 2102 2041 2146 Quod
2066 2105 2103 2138 in

1118 2151 1366 2186 iustificatione
1385 2163 1523 2186 necesse
1538 2152 1580 2186 sit
1598 2152 1752 2196 primum
1769 2153 1844 2187 fieri
1862 2154 2104 2188 remissionem

1117 2209 1340 2248 peccatorum
1352 2227 1361 2242 ,
1389 2203 1470 2248 quia
1488 2215 1610 2236 omnes
1629 2204 1694 2237 sub
1712 2211 1850 2247 peccato
1871 2216 2001 2239 sumus.

1220 2264 1256 2297 2.
1301 2260 1523 2306 Impossibile
1548 2268 1597 2294 est
1618 2261 1860 2296 remissionem
1880 2271 2102 2307 peccatorum

1118 2312 1210 2353 fieri,
1238 2312 1306 2345 nisi
1333 2312 1398 2345 fide
1418 2313 1453 2345 in
1470 2310 1671 2351 Christum,
1700 2325 1778 2346 cum
1803 2312 2102 2358 apprehendimus

1117 2362 1298 2397 Christum
1327 2364 1572 2402 mediatorem,
1618 2369 1649 2396 et
1683 2364 1895 2407 opponimus
1924 2377 2003 2399 eum
2031 2366 2103 2399 irae

1117 2413 1196 2450 Dei.
1237 2414 1332 2447 llaec
1349 2414 1432 2447 fides
1449 2413 1650 2447 consolatur
1668 2420 1700 2447 et
1716 2415 1818 2458 erigit
1835 2416 2075 2449 conscientias.

1220 2473 1254 2507 3.
1290 2472 1453 2517 impietas
1477 2479 1526 2506 est
1544 2472 1689 2513 sentire,
1718 2475 1812 2518 quod
1831 2474 2019 2509 dilectione
2035 2475 2100 2509 Dei

1118 2535 1374 2569 consequamur
1398 2523 1638 2556 remissionem
1674 2531 1897 2568 peccatorum
1911 2553 1919 2566 ,
1956 2528 2036 2572 quia
2067 2528 2099 2558 iil

1117 2583 1167 2610 est
1185 2576 1322 2613 sentire,
1351 2575 1445 2619 quod
1466 2580 1609 2618 propter
1626 2581 1784 2608 nostrum
1802 2588 1900 2620 opus,
1929 2589 1999 2610 non
2019 2590 2099 2621 pro-

1116 2624 1383 2671 pterCluistuni
1402 2622 1591 2658 habeamus
1608 2625 1848 2660 remissionem
1866 2635 2097 2670 peecatorum⁴

1117 2679 1164 2714 ita
1182 2677 1348 2711 meritum
1366 2674 1498 2711 Christi
1518 2676 1700 2710 tolleretur
1721 2683 1752 2711 et
1777 2678 1995 2711 obrueretur.
