2324 2955
120 122 195 159 257

120 214 200 241 ante
224 206 430 240 Saladinum
456 216 570 248 regem
597 212 631 239 et
653 207 884 239 Sultanorum
914 206 1103 238 successio-

121 270 218 298 nem,
242 258 303 302 qui
320 257 478 291 Saladini
497 257 697 299 posteritate
716 258 863 297 sublata,
891 269 1037 299 regnum
1064 256 1099 289 vi

121 315 333 352 rapuerunt,
360 314 463 351 atque
480 319 519 339 ex
536 306 745 340 Mamalucis
770 315 809 341 ut
823 315 967 348 vocant,
995 308 1028 339 id
1043 314 1103 346 est,

121 411 189 453 legi
210 409 437 452 cooptarique
460 409 665 453 voluerunt)
693 416 723 441 et
757 410 938 453 aliquanto
965 417 1040 453 post
1066 409 1102 440 in

121 460 267 493 Maroco
284 460 414 502 oppido
433 460 529 500 regni
550 459 730 493 'l'mietani
749 460 977 492 celeberrimo
996 459 1101 492 lVlan-
1129 475 1131 480 i

120 522 177 544 sor
194 522 252 543 rex
272 510 435 553 praemiis
461 511 619 543 maximis
645 510 851 553 propositis,
880 508 1102 544 bibliothecis

119 561 291 601 conditis,
320 567 352 593 et
378 561 542 593 aedificiis
569 561 602 592 in
632 558 771 593 scholae
796 574 896 593 usum
921 562 1102 603 magnifice

120 611 296 651 extructis,
319 612 433 645 studia
454 623 574 644 rursus
591 611 627 643 in
647 609 816 644 honorem
835 613 982 645 adduxit
999 619 1103 655 atque

120 662 413 701 admirationem,
452 662 665 706 perfectique
695 669 733 695 ut
758 676 818 695 ceu
852 664 1101 695 reviviscerent

121 714 158 746 in
177 713 247 745 illis
264 713 364 745 locis:
391 719 423 744 et
445 713 526 744 inde
544 725 622 745 cum
635 712 829 756 Hispaniae.
844 725 1003 755 magnam
1022 725 1103 756 par-

119 772 188 797 tem
217 763 366 796 excussis
385 762 523 802 Gutus,
555 763 741 801 Vandalis,
770 764 892 796 Alanis
917 771 949 797 et
967 764 1102 804 suevis,

119 814 180 859 qui
197 825 271 846 eam
287 814 463 847 veteribus
488 814 624 846 colonis
646 816 837 858 oppressis,
865 815 952 847 circa
969 827 1100 847 annum
1127 833 1130 865 ἶ

120 877 138 898 a
170 871 252 898 nato
276 862 417 897 Christo
453 865 774 909 quingentesimum
809 867 1037 905 obsederant,
1066 866 1100 897 in

119 914 329 959 Hispaniam
355 916 511 948 excitatis
529 915 717 948 Cordubae
743 923 774 948 et
790 915 927 960 Hispali
955 928 1102 961 gymna-

118 966 178 999 siis
194 965 354 999 omnium
374 966 641 1008 disciplinarum
659 967 874 1010 propagavit.
927 967 994 999 Sed
1015 979 1103 1011 quae

119 1017 248 1050 vicerat
271 1017 450 1049 barbaries
473 1023 505 1049 et
531 1017 567 1048 in
591 1018 709 1049 omnia
730 1018 789 1050 illa
808 1018 882 1051 loca
900 1019 1103 1055 inundarat,

119 1066 247 1101 Graeci
266 1068 438 1100 sermonis
456 1079 520 1100 usu
539 1068 666 1100 sensim
686 1069 802 1101 attrito
828 1069 999 1112 primum,
1028 1075 1104 1112 post
1129 1093 1131 1098 ,

118 1130 136 1151 e
152 1116 282 1151 scholis
306 1124 448 1151 extruso
468 1130 620 1160 prorsus,
640 1131 721 1151 cum
742 1121 926 1152 barbarico
942 1131 1104 1152 sermone
1129 1137 1131 1139 >

118 1169 252 1213 aliquid
271 1169 533 1201 barbaricarum
561 1170 770 1212 opinionum
797 1171 951 1209 invexit,
976 1171 1037 1203 etsi
1064 1183 1103 1203 ex

120 1218 264 1252 Graecis
280 1220 438 1253 fontibus
455 1221 614 1253 doctrina
630 1218 751 1253 hausta
771 1228 854 1254 erat.
907 1221 1105 1254 Crescenti-

118 1271 187 1303 bus
203 1271 297 1303 enim
315 1270 473 1313 imperiis
491 1271 574 1303 victi
592 1283 672 1302 vere
689 1278 726 1303 nt
745 1283 779 1303 se
797 1273 839 1303 ad
869 1283 981 1303 mores
1001 1279 1104 1304 natu-

120 1331 244 1364 rasque
266 1321 452 1352 inflectunt
477 1332 618 1355 eorum,
647 1320 707 1362 qni
724 1321 977 1359 dominantur,
1005 1321 1055 1351 sic
1073 1328 1103 1352 et

120 1368 407 1403 characterismos
424 1376 628 1401 naturarum
654 1376 756 1413 atque
781 1370 1004 1411 ingeniorum
1025 1371 1104 1413 opi-

120 1421 244 1453 niones
260 1426 466 1463 sequuntur,
483 1427 515 1451 et
536 1420 718 1451 imitantur
737 1421 902 1452 idiomata
923 1422 1104 1454 sermonis.

118 1468 171 1503 Ex
198 1467 252 1501 his
273 1467 402 1501 scholis
428 1469 637 1512 prodierunt
662 1470 733 1508 illi,
761 1482 848 1513 quos
868 1482 987 1502 recens
1012 1478 1104 1502 aetas
1131 1463 1132 1487 1

119 1527 199 1554 ante
217 1520 412 1552 restitutam
432 1520 467 1550 in
487 1517 540 1551 his
561 1520 661 1551 terris
680 1520 833 1561 lingnam
852 1520 1022 1552 Graecam
1043 1534 1105 1552 au-

119 1578 212 1604 tores
229 1582 266 1603 ae
285 1576 528 1614 praeceptores
547 1571 729 1612 usurpavit
745 1583 782 1603 ac
795 1571 996 1611 celebravit,
1015 1570 1105 1603 Ara-

119 1623 203 1655 bum
216 1618 436 1664 Philosophi,
468 1618 595 1657 ’thasis,
608 1620 704 1660 Hali,
718 1620 903 1664 Serapion,
920 1620 1105 1659 Averroes,

119 1671 312 1712 Avicenna,
337 1670 560 1714 Alfi-aganus,
578 1670 810 1713 Albaiegnius
828 1679 859 1705 et
878 1673 949 1711 alii,
977 1673 1106 1717 quibus

119 1724 303 1756 autoribus
320 1720 550 1766 Philosophia
570 1723 681 1756 literis
701 1722 861 1756 Arabicis
879 1724 1050 1766 descripta
1069 1736 1105 1755 ac

120 1781 343 1815 conservata,
372 1774 408 1806 in
430 1772 590 1818 Aegypto
609 1774 751 1818 quidem
770 1786 881 1819 usque
900 1776 940 1807 ad
962 1787 1000 1806 ea
1018 1782 1106 1807 tem—

120 1838 222 1868 pora,
244 1825 373 1870 quibus
407 1824 569 1870 Selymus
592 1824 822 1858 Sultanorum
855 1826 1011 1868 potentia
1045 1827 1107 1857 de-

120 1883 268 1917 structa,
296 1883 327 1909 et
347 1874 562 1909 Alexandria
581 1883 678 1919 capta
693 1876 835 1910 sustulit
858 1884 961 1921 atque
986 1877 1105 1908 abole-
1131 1898 1133 1904 ‚

121 1927 171 1962 vit
189 1927 359 1972 quicquid
385 1934 564 1969 supererat
591 1928 809 1965 studiorum,
844 1935 876 1960 et
900 1928 1107 1960 disturbatis
1132 1939 1133 1958 ς

122 1980 308 2011 doctorum
346 1978 501 2019 collegiis
515 2004 523 2016 ,
562 1979 815 2023 summotisque
850 1990 938 2023 quos
973 1979 1107 2014 metuit,

123 2029 327 2072 praecipuas
360 2029 512 2061 familias
546 2041 585 2060 ex
615 2029 701 2061 urhe
727 2030 894 2061 abductas
927 2029 1102 2063 transtulit

121 2080 210 2119 alio,
239 2091 332 2112 anno
351 2091 368 2112 a
389 2086 470 2112 nato
488 2077 629 2113 Christo
655 2078 767 2113 1517:
796 2079 835 2112 In
854 2080 1024 2124 Hispania
1048 2092 1108 2112 us-

122 2142 190 2175 que
202 2131 243 2162 ad
258 2129 523 2163 Ferdinandnm
541 2143 644 2163 avum
661 2130 985 2164 maternumCaroli
1002 2131 1108 2176 quin-

123 2182 168 2220 ti,
195 2180 256 2226 qui
273 2192 367 2213 anno
384 2194 400 2213 a
419 2182 692 2214 natoSalvatore
709 2183 936 2224 nonagesimo
953 2183 1107 2215 secundo

123 2234 226 2276 supra
242 2232 466 2265 millesimum
485 2233 869 2276 quadringentesimum
887 2234 1028 2275 regibus
1040 2232 1106 2265 l'ne-

123 2284 210 2316 ticae
226 2282 363 2316 Mauris
389 2284 562 2327 oppressis
589 2285 702 2325 potius
725 2296 830 2325 regno
859 2291 891 2317 et
914 2284 1106 2328 Metropoli
1134 2290 1135 2296 ¹

124 2334 210 2366 urbe
235 2332 411 2374 Gratuita,
452 2335 602 2367 subditis
632 2335 667 2367 in
703 2336 803 2367 fidem
827 2347 926 2368 snam
963 2336 1109 2378 receptis

126 2385 214 2427 leges
231 2382 451 2418 Christianae
474 2386 656 2428 religionis
686 2386 873 2429 imposuit,
902 2394 979 2431 post
1004 2388 1108 2419 abro-

124 2442 237 2478 gatam
270 2434 544 2469 Mahometicam
582 2437 884 2480 superstitionem,
926 2439 1107 2470 emendata

124 2487 229 2521 etiam
247 2483 574 2531 philosophicorum
599 2489 795 2521 studiorum
815 2488 971 2529 ratione,
1008 2488 1109 2521 annis

125 2538 252 2582 elapsis
268 2538 338 2570 fere
353 2539 591 2582 septingentis,
608 2552 647 2572 ex
663 2552 731 2584 qno
745 2538 1110 2572 Mil-amolinusMau-

125 2601 245 2622 rorum
265 2588 431 2632 Princeps
450 2588 641 2634 Hispaniae.
658 2592 727 2623 sere
750 2590 866 2621 omnis
884 2590 1039 2623 domitor
1056 2603 1111 2622 re—

594 119 752 155 DECL.
787 119 861 155 DE
895 119 1131 156 STUDIIS

1170 119 1294 155 VET.
1331 120 1678 158 PHILOSOPH.
2071 126 2143 159 258

1131 242 1132 245 Ἴ
1160 206 1196 237 in
1216 206 1360 239 Austria
1373 207 1489 240 Gottis
1509 209 1794 245 intercessissent,
1813 210 1991 241 redierunt
2010 223 2025 241 a
2039 210 2140 242 Mau-

1157 257 1207 288 ris
1233 257 1367 290 medica
1392 270 1430 290 ac
1456 257 1697 292 mathematica
1714 260 1829 292 studia
1845 261 1887 292 ad
1907 260 2061 298 vicinos,
2090 270 2140 293 at-

1130 345 1131 356 *
1156 319 1224 351 que
1246 308 1281 339 in
1302 309 1450 341 latinum
1469 317 1588 352 coepta
1606 317 1687 343 sunt
1704 311 1840 344 traduci
1859 322 2068 351 sermonem,
2088 312 2142 344 in-

121 359 303 402 religionis
331 365 364 391 et
382 358 609 401 professionis
626 356 848 391 Christianae
867 359 1102 391 desertoribus
1130 359 1131 370 ¹

1156 360 1269 402 deque
1286 359 1537 392 communicari
1556 361 1700 405 reliquis
1717 360 1880 405 Europae
1900 362 2081 404 gentibus,
2110 371 2141 395 et

1129 430 1131 442 t
1156 410 1296 441 tandem
1318 408 1523 453 Alphonsus
1551 424 1608 444 rex
1635 413 1786 445 evocatis
1813 424 1829 444 e
1847 411 2011 446 Corduba
2033 414 2141 445 artifi-

126 2651 234 2683 gnum
251 2640 336 2672 illud
356 2640 559 2674 stabilierat.
597 2642 663 2674 Sed
691 2642 802 2673 multo
827 2648 905 2674 ante
925 2653 1002 2673 cum
1021 2641 1111 2683 leges

126 2704 165 2724 ac
180 2691 401 2724 conditiones
421 2691 512 2733 pacis
537 2693 729 2725 victoribus
748 2692 883 2725 Mauris
913 2699 945 2725 et
966 2692 1110 2737 reliquis

178 2741 361 2775 IWELAN'rn.
390 2744 493 2774 Ormi.
520 2744 602 2775 Van.
632 2745 707 2775 ΧΠ.

1157 460 1273 499 cibus,
1303 460 1439 493 institui
1464 462 1725 494 observationes
1749 474 1857 495 novas
1884 471 2042 495 motuum
2063 476 2141 497 coe-

1156 510 1313 548 lestium,
1341 513 1519 544 emendari
1539 510 1750 557 hypotheses
1774 521 1906 546 veteres
1931 515 2067 547 collatis
2087 515 2141 547 in-

1157 568 1208 593 ter
1227 573 1262 593 se
1279 563 1439 594 omnium
1459 570 1656 606 temporum
1683 564 2007 601 observationibus,
2036 566 2140 597 condi

1156 624 1306 644 canones
1331 621 1507 653 motuum,
1553 614 1705 657 denique
1734 616 1913 655 repurgari
1939 616 2142 658 disciplinas

1156 660 1436 703 mathematicas,
1466 676 1504 696 ac
1532 664 1666 696 restitui
1689 676 1767 696 cum
1793 665 1926 697 medica
1948 672 2021 697 arte
2040 679 2140 698 cura—

1156 714 1217 747 vit.
1273 712 1322 746 lta
1344 722 1419 757 post
1437 716 1575 756 longam
1596 715 1793 747 barbariem
1811 727 1883 747 non
1900 715 2044 747 minima
2065 729 2141 757 pars

1156 762 1406 807 Philosophiae
1424 778 1461 797 ex
1481 766 1639 798 Arabum
1659 766 1802 807 repetita
1829 774 1877 799 est
1904 766 2023 803 libris,
2053 776 2080 798 et
2107 768 2140 798 in

1157 813 1218 847 has
1237 823 1346 847 terras
1365 818 1523 853 reducta,
1550 816 1753 859 praesertim
1772 829 1848 849 cum
1869 816 2015 849 Graecia
2032 819 2142 849 afiar-

1157 872 1327 898 matarum
1347 867 1543 910 irruptione
1560 867 1629 898 vim
1652 879 1747 906 passa
1764 875 1861 907 esset,
1889 874 1919 899 et
1937 868 2143 900 conflictan-

1156 917 1251 948 tibus
1275 917 1368 949 inter
1391 929 1424 949 se
1450 924 1615 959 perpetuo
1640 917 1846 962 Byzantinis
1870 919 2018 960 regulis,
2055 932 2141 962 quo-

1157 980 1234 1000 rum
1252 974 1326 999 erat
1347 969 1382 999 in
1401 976 1586 1008 angustum
1614 976 1728 1001 coacta
1756 970 1911 1012 potentia
1931 970 2143 1001 Sarraceno-

1157 1030 1235 1051 rum
1253 1019 1377 1058 armis,
1411 1020 1465 1051 vel
1489 1031 1559 1050 non
1586 1019 1675 1050 adiri
1695 1027 1808 1062 posset
1826 1020 1879 1052 vel
1899 1026 2141 1052 contemnere-

1158 1075 1224 1101 tur.
1283 1068 1379 1101 ltalia
1414 1081 1495 1101 vero
1530 1082 1546 1101 a
1586 1070 1825 1107 detrimentis,
1866 1082 1955 1114 quae
1982 1070 2144 1103 Gotticae

1158 1119 1374 1162 irruptiones
1412 1121 1602 1152 intulerant
1650 1122 1808 1152 nondum
1850 1121 2071 1163 respirasset,
2113 1129 2143 1153 et

1158 1168 1300 1203 Orienti
1316 1171 1384 1203 late
1402 1171 1647 1203 dominaretur
1658 1169 1915 1204 Maliometicus
1934 1172 2043 1206 furor.
2074 1171 2145 1204 Ta-

1158 1222 1206 1253 les
1231 1229 1311 1254 sunt
1344 1229 1504 1264 expertae
1530 1223 1619 1253 vices
1645 1223 1759 1254 studia
1794 1220 1917 1255 harum
1949 1222 2076 1255 artium
2108 1223 2142 1254 in

1158 1270 1335 1316 Aegypto,
1371 1284 1455 1315 quas
1490 1285 1566 1303 eum
1592 1273 1739 1311 legimus
1772 1280 1829 1306 aut
1858 1273 2068 1315 cogitamus,
2104 1275 2146 1305 de

1159 1322 1270 1353 causis
1297 1322 1399 1354 etiam
1427 1322 1585 1354 fatalium
1614 1334 1807 1365 poenarum
1834 1336 1871 1355 ac
1895 1323 2145 1362 mutationum,

1159 1383 1247 1415 quae
1275 1384 1290 1402 a
1317 1372 1418 1403 nobis
1443 1373 1607 1404 oriuntur
1636 1373 1841 1416 praecipuae
1857 1374 2146 1417 complectamur,

1160 1429 1197 1453 ut
1214 1429 1293 1453 sunt
1312 1422 1486 1462 neglectio
1506 1430 1535 1455 et
1555 1429 1774 1466 contemptus
1800 1424 1954 1456 veritatis
1974 1425 2144 1462 coelestis,

1159 1478 1190 1503 et
1215 1472 1353 1503 licentia
1381 1473 1519 1515 quidvis
1545 1474 1713 1513 faciendi,
1754 1474 1921 1507 libidines
1952 1475 2146 1518 impunitae

1130 1535 1132 1566 j
1159 1529 1189 1553 et
1207 1522 1382 1553 securitas.

1262 1571 1341 1604 Non
1373 1573 1627 1615 applaudamus
1662 1573 1830 1607 novitatis
1859 1576 1975 1607 studio
2011 1577 2145 1608 erronis

1159 1622 1343 1655 cuiuslibet
1367 1623 1581 1665 praestigiis,
1611 1636 1673 1655 nec
1701 1625 1920 1657 discedamus
1950 1633 2077 1658 temere
2105 1627 2147 1658 ab

1159 1674 1327 1716 explicata
1346 1674 1527 1706 doctrinae
1545 1675 1702 1707 coelestis
1719 1682 1751 1707 et
1776 1682 1990 1708 caeterarum
2018 1677 2145 1709 artium

1160 1737 1306 1763 norma,
1340 1737 1444 1769 quam
1469 1725 1527 1756 alii
1555 1725 1656 1757 aliter
1681 1738 1774 1758 nunc
1800 1728 1992 1769 depravant
2022 1728 2074 1758 vel
2104 1730 2145 1759 ad

1160 1787 1237 1807 suas
1258 1775 1419 1807 inflexam
1438 1776 1644 1819 opiniones,
1674 1777 1726 1808 vel
1747 1778 1788 1809 ad
1818 1778 1912 1819 vulgi
1930 1778 2074 1810 allectus
2096 1786 2148 1810 at-

1160 1833 1405 1869 temperatam,
1446 1834 1483 1859 ut
1510 1834 1593 1858 tunc
1621 1828 1765 1867 accidit,
1811 1840 1888 1860 cum
1910 1826 2145 1861 Mahometica

1160 1877 1283 1909 deliria
1308 1877 1446 1909 aniinos
1472 1875 1655 1910 hominum
1688 1879 1856 1911 novitatis
1884 1880 1996 1922 specie.
2030 1887 2147 1921 captos

1162 1928 1387 1960 irretiv0rnnt
1413 1935 1445 1960 et
1474 1936 1708 1971 occuparunt,
1746 1942 1835 1973 quae
1861 1943 1900 1961 eo
1927 1930 2064 1962 axidius
2089 1942 2146 1962 ex-

1160 1985 1255 2021 cepta
1285 1987 1363 2011 sunt
1390 1991 1428 2010 ac
1451 1985 1582 2010 retenta
1609 1980 1839 2021 pertinacius,
1868 1981 1960 2023 quod
1988 1992 2146 2012 concessa

1160 2030 1310 2073 quadam
1338 2026 1552 2072 oezoaxfflaelq
1575 2030 1758 2062 severioris
1785 2030 1993 2072 disciplinae
2019 2043 2146 2063 nervos

1163 2081 1342 2119 laxarunt,
1377 2081 1435 2111 sed
1472 2092 1627 2112 amenius
1665 2081 1845 2113 veritatem
1884 2081 2077 2124 simplicem
2115 2088 2146 2114 et

1161 2132 1317 2164 studium
1346 2128 1562 2173 Sophistices
1587 2132 1820 2167 detestenmr,
1857 2138 1889 2164 et
1915 2132 2038 2164 maiori
2065 2145 2146 2165 cura

1162 2195 1200 2214 ac
1219 2182 1402 2223 diligentia
1423 2181 1583 2214 invocato
1600 2182 1729 2214 auxilio
1749 2182 1870 2214 divino
1891 2194 2049 2222 regamus
2066 2195 2147 2215 nos-

1162 2233 1340 2276 metipsos,
1360 2245 1397 2264 ac
1412 2244 1594 2274 precemur
1606 2233 1812 2265 ardentibus
1831 2233 1920 2265 votis
1937 2233 2047 2265 lilium
2062 2232 2137 2269 Dei,

1164 2292 1194 2316 ut
1228 2296 1291 2316 nos
1320 2291 1474 2321 tin-atur,
1505 2296 1565 2314 nec
1592 2296 1695 2327 «piam
1728 2284 1878 2315 reddidit
1908 2284 2011 2315 nobis
2036 2284 2146 2316 lurein

1162 2336 1421 2370 doctrinarum,
1457 2334 1542 2377 eripi
1579 2345 1697 2366 rursus
1731 2333 1892 2366 'l'urcicis
1926 2335 2053 2372 arinis,
2090 2343 2145 2368 aut

1162 2386 1362 2418 donn-stivis
1389 2386 1567 2417 sororibus
1590 2385 1694 2419 sinat.
1750 2386 1849 2426 Quae
1868 2385 1929 2418 snit
1950 2386 2145 2418 studiorum

1164 2438 1279 2470 nutrix
1301 2444 1349 2469 tot
1370 2436 1489 2471 annis,
1516 2442 1544 2467 et
1566 2433 1764 2468 seliolarmn
1785 2448 1872 2479 pene
1896 2436 2055 2468 omnium
2076 2449 2145 2467 me—

1163 2488 1320 2531 tropolis,
1338 2494 1366 2519 et
1388 2499 1485 2518 verae
1501 2485 1671 2518 Ecclesiae
1688 2488 1785 2519 sedes
1798 2485 2023 2524 Alexandria,
2054 2499 2144 2518 nune

1164 2538 1317 2572 hostium
1344 2537 1407 2569 Dei
1432 2545 1460 2569 et
1489 2535 1679 2570 honestatis
1702 2538 1837 2575 omnis,
1868 2536 2050 2569 hominum
2082 2538 2145 2567 im-

1163 2589 1430 2633 purissimorum
1458 2589 1633 2620 stabulum
1661 2596 1727 2626 est,
1770 2595 1800 2620 et
1834 2587 1950 2620 schola
1987 2585 2145 2629 blasphe—

1164 2641 1315 2673 miarum
1342 2651 1380 2671 ac
1406 2639 1658 2682 turpitudinis,
1689 2647 1719 2672 et
1745 2640 1904 2672 licentiae
1935 2639 2144 2670 barl›.·n·ic.·w.

1164 2691 1331 2723 Coloniae
1349 2698 1462 2723 autem
1482 2697 1635 2723 veterum
1658 2690 1804 2735 Aegypti
1830 2689 2027 2721 scholarum
2049 2701 2146 2731 prae-

1477 2741 1519 2773 17
