2324 2955
171 125 243 159 445

933 112 1424 158 DISPUTATIONES

2121 130 2193 166 444

275 210 334 244 21.
376 206 456 240 Non
480 201 657 246 loquimur
678 195 736 231 1¹5⁰
758 198 801 230 de
832 197 1065 233 delectatione
1096 209 1155 236 aut
1182 220 1185 233 ¹
1211 206 1292 253 (V.)
1315 210 1421 245 Alia
1447 207 1730 255 disputatio:
1759 211 1805 247 cle
1823 212 2040 250 discrimine
2056 219 2191 250 veteris

177 263 317 300 dolore,
340 263 487 292 tactum,
514 257 652 294 gustum
670 261 708 282 ac
731 248 898 282 olfactum
922 251 1081 293 proxime
1097 264 1157 286 co-

177 313 339 348 mitante,
366 316 445 338 nam
464 303 538 335 eius
557 299 799 334 delectationis
814 312 852 332 ac
878 300 1012 334 doloris
1028 313 1157 345 organa

177 368 257 395 sunt
282 356 400 395 nervi,
426 354 485 386 sed
510 351 691 396 loquimur
714 351 757 384 de
789 350 983 386 adfectibus
1007 354 1159 397 caeteris,

178 411 237 456 qui
249 409 407 456 ‚existunt
424 404 499 438 sine
520 408 693 436 contactu.

177 523 280 566 (lv.)
308 522 414 555 Alia
443 518 730 563 disputatio:
769 515 815 550 de
840 515 1055 551 discrimine
1075 529 1160 562 pec-

390 574 466 605 cata·
492 569 690 616 oriyirzalis
716 572 751 602 et
770 568 946 602 actualis·

177 648 309 696 Longe
345 652 424 696 plus
460 649 703 694 complectitur
736 647 924 692 appellatio
959 647 1091 691 peccati
1124 647 1162 680 in

177 704 287 738 verbo
304 702 381 741 Dei,
407 713 512 747 quam
531 701 569 733 in
588 696 831 743 Philosophia.
870 697 953 731 Ideo
979 698 1066 742 lapsi
1082 704 1164 731 sunt

177 754 340 797 Pelagius
372 760 404 786 et
438 751 586 791 similes,
625 750 685 795 qui
713 756 893 794 peccatum
919 748 957 781 in
982 748 1162 798 evangelio

178 812 316 838 tantum
333 803 581 836 intellexerunt
603 797 850 845 philosophico
874 810 972 832 more
995 800 1038 833 de
1055 800 1164 833 actio-

181 856 306 895 nibus,
332 865 418 899 quas
434 853 523 886 ratio
541 851 657 889 videt,
685 857 718 884 et
733 851 867 884 iudicat
890 861 961 883 esse
978 850 1138 884 viciosas.

281 906 317 938 2.
351 904 442 937 Nam
461 909 640 945 peccatum
658 901 830 945 significat
844 912 917 934 non
933 902 1039 935 modo
1055 901 1164 935 actio-

178 968 240 990 nes
252 980 260 995 ,
287 955 347 988 sed
358 953 567 988 horribilem
584 952 848 997 corruptionem
865 952 903 984 in
918 959 1053 993 natura,
1068 964 1163 985 ream

180 1009 253 1041 irae
270 1005 349 1041 Dei.

1491 265 1530 295 et
1553 264 1637 297 ηουὶ
1666 266 1907 300 Testamenti.

1211 335 1294 375 Lex
1314 352 1392 375 cum
1408 352 1482 374 non
1497 341 1678 384 iustificet‚
1701 345 1770 379 lata
1787 354 1837 381 est
1851 354 1891 381 ut
1907 346 2048 381 iudicet.

1314 392 1350 427 2.
1390 391 1470 450 ldoc
1494 400 1545 427 est
1572 405 1634 426 cur
1647 392 1750 430 Deut.
1768 397 1827 434 31.
1851 397 2019 442 scriptum
2043 401 2110 430 est:
2139 394 2192 429 Sit

1213 449 1333 476 contra
1350 449 1384 476 te
1401 455 1438 476 tn
1455 444 1709 481 testimonium.

1316 493 1349 526 3.
1384 492 1468 527 Ideo
1485 501 1621 538 praeter
1639 507 1694 536 ea,
1721 508 1809 541 quae
1827 497 1869 530 de
1884 497 2022 531 iusticia
2039 496 2193 541 Spiritus

1187 550 1189 572 Ι
1215 545 1403 577 constituta
1421 552 1523 586 sunt,
1550 546 1689 580 additae
1710 554 1792 581 sunt
1808 547 1966 581 iusticiae
1982 548 2114 588 carnis,
2139 559 2193 580 ce-

1215 595 1393 628 remoniae
1411 602 1445 628 et
1470 596 1612 630 iudicia.

1316 645 1350 679 4.
1384 645 1431 680 Ut
1448 657 1526 680 caro
1542 647 1743 682 coerceatur
1760 648 1798 681 in
1814 648 1944 693 impiis.

1318 695 1355 730 5.
1397 695 1492 740 Quia
1515 699 1735 742 evangelium
1766 698 2004 733 ministerium
2027 698 2119 731 vitae
2140 704 2199 737 est,

1215 746 1295 780 ideo
1320 744 1412 781 nihil
1436 748 1618 783 constituit
1641 750 1684 783 de
1701 750 1901 783 carnalibus
1919 755 1952 784 et
1966 748 2128 782 civilibus
2143 748 2199 781 iu-

1216 797 1334 832 sticiis.

1319 849 1353 884 6.
1388 847 1497 893 Impie
1520 856 1619 883 vetus
1629 848 1897 885 Testamentum
1916 851 1965 884 sic
1981 862 2001 884 a
2016 863 2108 884 novo
2126 850 2197 884 dis-

1216 906 1366 933 cernunt
1387 897 1548 941 Scholae‚
1575 908 1614 935 ut
1634 902 1743 936 veteri
1759 913 1903 936 manum
1920 908 2054 936 tantum
2067 927 2077 940 ‚
2105 913 2196 934 novo

1216 950 1552 994 concuspiscentiam
1577 949 1757 995 prohiberi
1778 958 1945 986 statuant.

1320 1000 1352 1035 7.
1386 1000 1477 1034 Nam
1503 1009 1536 1036 et
1552 1002 1607 1035 lex
1626 1001 1745 1048 Moysi
1760 1001 2080 1047 concupiscentiam
2097 1008 2199 1039 vetat,

285 1056 319 1091 3.
356 1053 434 1089 Etsi
457 1053 588 1088 Paulus
612 1065 684 1087 non
715 1054 882 1087 discernit
910 1052 1164 1097 appellationes
1217 1058 1251 1084 et
1269 1063 1403 1098 novum
1425 1051 1694 1086 Testamentum
1717 1066 1790 1087 non
1814 1053 1907 1094 Lex,
1947 1053 2007 1086 sed
2039 1052 2197 1085 remissio

180 1106 311 1153 peccati
331 1105 512 1149 originalis
529 1111 562 1138 et
579 1103 740 1144 actualis,
767 1111 885 1137 tamen
904 1102 1084 1136 distinctio
1103 1102 1164 1135 illa
1189 1091 1192 1126 Ι
1217 1101 1348 1145 peccati
1365 1108 1425 1135 est.

183 1159 338 1190 illustrat
355 1155 458 1189 Pauli
473 1155 698 1195 sententiam,
724 1161 757 1188 et
778 1154 962 1187 retinenda
987 1160 1055 1193 est,
1082 1152 1165 1196 quia
1190 1141 1193 1208 ἱ

1319 1151 1354 1186 8.
1394 1150 1590 1194 Evangelio
1613 1151 1749 1184 iusticia
1772 1158 1806 1185 et
1821 1151 1892 1186 vita
1908 1160 2069 1186 aeternae
2086 1154 2198 1185 dona-

181 1208 314 1241 Paulus
343 1207 386 1239 de
411 1213 563 1251 utroque
588 1205 765 1250 loquitur,
792 1205 835 1237 de
859 1210 998 1248 peccato
1019 1203 1165 1246 originis
1191 1218 1193 1220 v
1217 1207 1293 1247 tur,
1328 1201 1409 1234 ideo
1433 1213 1471 1234 ea
1494 1213 1572 1245 pars
1598 1201 1700 1244 legis,
1743 1213 1831 1246 quae
1854 1203 1897 1236 de
1920 1204 2026 1237 rebus
2051 1203 2200 1237 externis

183 1266 217 1292 et
236 1259 279 1291 de
299 1256 481 1291 fructibus,

284 1306 319 1341 4.
346 1306 557 1348 Magnitudo
572 1303 872 1338 beneficiiChristi
887 1305 923 1337 fit
937 1303 1164 1347 conspectior.

184 1370 263 1393 cum
281 1357 481 1399 agnoscitur
498 1355 615 1388 morbi
633 1354 745 1387 nostri
762 1354 979 1397 magnitudo.

187 1561 280 1597 tior,
315 1569 395 1591 cum
423 1557 467 1589 ad
491 1567 566 1589 eam
589 1555 767 1588 confertur
791 1553 1043 1597 Evangelium,
1070 1555 1166 1599 quod

183 1615 357 1644 monstrat
374 1618 511 1640 causam
530 1605 760 1645 infirmitatis,
787 1612 820 1638 et
836 1605 933 1637 addit
950 1605 1113 1638 remedia.

1218 1251 1420 1291 constituit,
1445 1252 1625 1296 antiquata
1648 1258 1711 1285 est.

1331 1301 1367 1337 9.
1399 1299 1451 1334 Ea
1477 1313 1556 1345 pars
1576 1313 1650 1334 non
1667 1308 1717 1334 est
1735 1301 1914 1347 antiquata
1928 1329 1938 1343 ,
1965 1314 2054 1347 quae
2071 1303 2202 1337 iudicat

1218 1350 1334 1383 corda.

284 1407 319 1442 5.
360 1403 591 1449 Philosophia
614 1405 757 1438 moralis
781 1405 917 1449 quaerit
939 1415 1078 1437 causam
1095 1401 1164 1437 hu-
1190 1346 1194 1451 ξ

183 1469 307 1493 manae
330 1456 563 1495 infirmitatis,
588 1467 652 1487 nec
674 1461 788 1498 potest
807 1467 881 1488 eam
899 1455 1076 1494 invenire,
1101 1466 1166 1488 nec
1190 1480 1193 1501 t

186 1508 343 1543 remedia
359 1507 457 1539 firma
474 1505 637 1539 ostendit.
675 1503 769 1547 Ergo
787 1505 825 1537 fit
844 1502 1072 1548 Philosophia
1087 1515 1166 1547 gra·
1191 1514 1194 1549 q

1323 1401 1380 1435 10.
1419 1401 1509 1435 Nam
1526 1409 1707 1447 peccatum
1725 1402 1858 1436 remitti
1884 1414 1957 1436 non
1973 1411 2103 1447 potest,
2131 1405 2199 1438 nisi

1218 1450 1292 1493 lege
1309 1459 1486 1485 ostensum
1500 1453 1618 1486 fuerit.

1327 1502 1385 1537 11.
1414 1501 1491 1535 Hoc
1507 1509 1558 1535 est
1574 1513 1636 1535 cur
1652 1500 1847 1544 Decalogus
1863 1502 2036 1545 exigatur,
2063 1504 2198 1548 reliqua

1220 1563 1301 1596 pars
1316 1551 1402 1594 legis
1417 1564 1490 1584 non
1507 1552 1600 1585 item.

1325 1603 1383 1637 12.
1419 1601 1560 1635 Iusticia
1578 1608 1612 1635 et
1627 1602 1699 1635 vita
1714 1607 1854 1635 aeterna
1871 1609 1920 1636 est
1936 1603 2078 1638 libertas
2094 1616 2200 1638 evan-

286 1659 321 1694 6.
347 1655 483 1703 ἠθικὸν
499 1656 669 1699 significat
682 1657 880 1688 moderatos
898 1661 931 1688 et
946 1654 1041 1688 lenes
1057 1655 1166 1688 animi
1193 1670 1194 1679 ι
1220 1652 1340 1695 gelica.

188 1718 327 1750 motuS‚
353 1708 439 1742 tales
457 1707 531 1740 sine
546 1707 614 1740 fide
630 1703 759 1739 habere
776 1705 814 1738 in
838 1705 972 1748 magnis
989 1705 1168 1740 calamita·-

187 1763 282 1797 tibus
298 1769 400 1793 nemo
416 1764 540 1803 potest.

290 1813 322 1845 7.
350 1809 431 1844 Ideo
448 1815 487 1842 ut
500 1808 587 1841 fiant
604 1805 775 1851 vera-5317
789 1816 926 1839 necesse
942 1811 992 1839 est
1005 1807 1168 1840 accedere
1194 1830 1196 1833 -

188 1862 423 1906 cognitionem
439 1856 584 1893 Christi.

301 1911 336 1947 8.
363 1909 452 1944 Cum
470 1910 512 1942 de
530 1915 729 1942 sanctorum
747 1907 948 1940 infirmitate
966 1913 999 1941 et
1014 1907 1169 1951 lapsibus

1325 1702 1382 1737 13.
1425 1701 1526 1735 Ilanc
1557 1703 1743 1736 comitatur
1775 1703 1918 1737 libertas
1945 1704 2068 1736 utendi
2097 1706 2199 1738 rebus

1221 1753 1390 1790 externis,
1417 1764 1480 1796 pro
1502 1753 1648 1786 arbitrio
1675 1753 1850 1796 Spiritus,
1876 1753 1958 1798 quia
1983 1752 2129 1788 Domini
2153 1764 2201 1789 est

1222 1810 1313 1837 terra
1330 1809 1392 1836 etc.

1326 1854 1383 1889 14.
1426 1852 1495 1887 Sed
1513 1852 1666 1897 Spiritus
1690 1854 1832 1888 subiicit
1847 1854 1977 1887 liberos
2001 1867 2063 1899 per
2075 1856 2199 1890 carita-

1222 1911 1308 1944 tem,
1331 1911 1370 1937 ut
1392 1904 1496 1937 rebus
1524 1911 1685 1944 utantur,
1709 1917 1772 1938 nec
1796 1912 1916 1940 contra
1934 1911 2114 1947 naturam,
2139 1918 2201 1939 nec

189 1964 337 2003 dicitur,
363 1972 501 1994 necesse
525 1966 575 1993 est
597 1958 741 1992 retineri
758 1958 946 1991 discrimen
964 1959 1095 2001 peccati
1110 1970 1170 1991 ve-
1195 1956 1197 1988 Ι,
1223 1962 1344 1988 contra
1362 1955 1483 1987 civiles
1499 1955 1760 1995 ordinationes,
1782 1962 1953 2001 quatenus
1973 1957 2127 1990 scandali
2144 1969 2201 1990 ra—

189 2014 293 2047 nialis
311 2019 343 2046 et
358 2010 529 2044 mortalis.

292 2062 326 2096 9.
360 2060 525 2095 Cometae
549 2072 622 2092 non
647 2066 730 2092 sunt
753 2058 893 2098 stellae,
927 2059 986 2092 sed
1011 2059 1171 2093 flammae

190 2125 326 2158 sparsae
348 2124 367 2146 a
382 2123 508 2154 magna
529 2111 621 2143 mole
636 2108 766 2142 halitus
778 2135 787 2149 ‚
814 2115 847 2141 et
864 2109 1017 2143 afferunt
1033 2110 1170 2144 siccita-

192 2172 252 2200 tes.
305 2163 387 2197 Ideo
405 2174 486 2196 vere
504 2167 537 2194 et
555 2158 697 2206 physice
723 2159 837 2204 inquit
856 2158 999 2193 Aratus:

276 2235 367 2275 ὤᾳρα
389 2246 433 2270 τις
453 2233 547 2272 ἒιέτιή
569 2233 663 2273 χαίρῃ
683 2231 896 2271 ποτιδέγ,ιιει·ος
910 2230 998 2271 ἁνήρ,

276 2277 363 2316 ΖΠῇιΥ
383 2275 437 2306 εἶεν
452 2275 523 2307 καθλ
541 2274 677 2315 ’ὕπερθεν
692 2272 823 2309 ἐοικότες
837 2272 962 2313 ἀστέρες
976 2275 1042 2304 αἰεί.

275 2318 354 2358 μήθ)
371 2317 428 2357 εἷς,
450 2317 524 2357 μήτε
539 2316 619 2354 δι’-ω,
642 2317 721 2355 μηὸὲ
735 2315 856 2351 πλέονες
879 2315 1063 2354 κομόωντες,

278 2361 395 2391 Πολλοὶ
416 2360 473 2399 γὰρ
498 2358 650 2398 κομόωσιν
671 2358 714 2389 ἐπ’
739 2357 889 2400 &immersi
910 2359 1048 2400 e'uuvrrji.

294 2432 412 2460 Fertilis
428 2430 587 2469 Agricolae
604 2433 681 2460 votis
698 2433 850 2470 contingat
867 2437 899 2459 ut
914 2441 1018 2467 annus,

294 2482 456 2522 Nunquam
472 2483 611 2510 crinitum
628 2482 761 2511 videatur
778 2484 809 2510 in
827 2485 892 2510 aare
913 2481 1003 2510 sidus,

293 2532 363 2563 Non
381 2543 474 2569 unus,
503 2534 652 2570 geminive
676 2534 804 2569 micent,
833 2535 967 2571 pluresve
983 2529 1132 2569 Cometae,

295 2585 450 2624 Apparere
474 2584 569 2612 solent
593 2593 661 2611 nam
677 2585 754 2612 sicco
768 2590 901 2623 tempore
919 2584 1020 2614 crebri.

1224 2005 1274 2039 tio
1292 2005 1416 2049 poscit.
1466 2005 1572 2038 Anno
1588 2004 1799 2042 MDXMII.

1225 2110 1334 2158 (VI.)
1363 2111 1472 2146 Alia
1502 2111 1772 2157 disputatio
1802 2113 2071 2161 theologica
2094 2114 2200 2149 Plu·-

1468 2164 1589 2208 Iippi
1616 2164 1954 2199 Melantlzonis.

1428 2246 1487 2280 De
1504 2248 1599 2294 Lege
1627 2245 1994 2290 etth-omissionibus.

1226 2311 1366 2353 Usitata
1383 2327 1414 2354 et
1429 2322 1513 2354 falsa
1535 2322 1714 2356 distinctio
1734 2329 1793 2361 est,
1820 2328 1888 2354 tres
1905 2331 1976 2353 esse
2002 2320 2104 2363 leges,
2130 2318 2202 2353 Na-

1226 2371 1388 2412 turalem,
1416 2371 1608 2406 Mosaicam
1624 2379 1655 2405 et
1668 2371 1925 2415 Evangelicam.

1328 2424 1364 2457 2.
1406 2420 1451 2456 Et
1476 2424 1585 2466 magis
1609 2423 1757 2467 impium
1782 2428 1849 2462 est,
1889 2421 1984 2466 quod
2004 2420 2201 2468 ‘adfingunt

1227 2471 1383 2515 singulos
1407 2480 1550 2518 propter
1573 2485 1653 2506 suae
1679 2472 1762 2515 legis
1781 2472 2062 2505 observationem
2079 2483 2200 2504 conse-

1227 2530 1355 2567 quutos
1391 2535 1461 2557 esse
1499 2523 1736 2557 remissionem
1770 2529 1991 2567 peccatorum
2023 2528 2056 2555 et
2095 2522 2201 2555 vitam

1226 2580 1414 2608 aeternam.

1329 2624 1363 2659 3.
1403 2623 1480 2658 Una
1498 2623 1590 2656 enim
1609 2624 1662 2657 lex
1688 2623 1831 2657 moralis
1854 2630 1904 2657 est
1928 2624 2086 2657 omnium
2109 2630 2199 2656 aeta-

1227 2680 1319 2716 tum,
1349 2675 1458 2708 donec
1476 2681 1589 2708 manet
1609 2681 1732 2708 natura
1758 2672 1956 2709 hominum.
