2324 2955
196 126 268 162 363

771 110 929 149 DECL.
955 109 1027 146 DE
1052 106 1332 146 ECCLESIA
1366 106 1621 146 CHRISTI.

2126 108 2200 146 364

202 219 277 246 atro
304 217 487 251 crassoque
511 210 543 238 et
569 197 823 234 melancholico
842 197 1010 240 sanguine
1026 196 1174 237 refertis,
1199 206 1203 228 ι
1228 194 1455 239 plecticorum
1471 200 1548 237 post
1566 195 1724 236 obitum,
1748 194 1835 228 fiunt
1859 193 2060 239 apoplexiae
2083 194 2201 229 αἴτιον

202 270 262 295 aut
286 267 379 292 extra
402 265 568 288 venarum
595 253 720 284 ductus
737 250 831 283 intra
850 259 1015 282 craneum
1032 252 1066 279 et
1080 258 1174 279 cere-

203 313 256 345 bri
275 309 493 341 membranea
521 302 726 342 involucra,
760 310 968 345 quacunque
992 303 1085 341 patet
1108 297 1176 330 ali-

203 361 286 405 quid
307 365 339 390 et
356 362 472 395 vacat,
500 355 605 397 inque
629 352 712 395 ipsis
727 351 874 384 sinubus
901 347 1035 382 cerebri
1062 347 1177 380 conti-

204 417 350 447 nentur,
378 404 525 439 confecti
551 409 584 436 et
608 402 776 436 continua
797 400 992 433 accessione
1007 398 1177 440 aggestio-

204 470 314 503 neque
340 456 504 489 materiae
527 465 638 486 novae
665 451 758 485 aucti
783 463 822 484 ex
846 450 888 483 iis
903 447 1090 488 halitibus,
1117 448 1178 492 qui

203 512 245 543 de
269 507 479 546 ventriculo,
514 502 655 547 hepate,
689 502 787 534 venis
818 501 855 532 in
883 498 1041 533 habitum
1071 498 1179 531 totius

204 558 360 602 corporis
388 555 545 599 digestis,
579 553 715 586 assidue
741 552 778 584 in
804 551 985 583 cerebrum
1008 548 1104 582 velut
1127 555 1178 582 te-

205 617 299 645 ctum
324 609 479 640 fumosae
505 605 625 638 domui
650 615 754 647 supra
786 601 939 646 positum
974 599 1179 632 efferuntur.

205 660 262 694 Ab
280 657 334 691 his
352 655 560 689 humoribus
579 654 748 697 tantisper
766 653 876 685 donec
893 650 1096 695 quiescunt,
1123 649 1180 680 ni-

205 709 258 743 hil
279 708 467 742 admodum
491 705 637 750 periculi
663 711 723 738 est.
780 703 818 736 Si
845 713 863 734 a
889 711 1098 745 quocunque
1122 709 1181 731 ex-

206 768 305 794 terno
329 757 466 791 incitati
490 755 665 800 principio
688 753 860 798 explicent
883 758 916 784 et
938 751 1086 783 dilatent
1111 760 1182 782 sese

207 811 392 853 subitoque
427 814 460 840 et
496 806 679 839 confertim
716 804 890 836 inundent
919 802 955 833 in
985 800 1180 840 cerebrum,

205 859 400 905 periculum
424 858 605 896 adserunt,
632 867 701 900 quo
725 855 895 887 liberatur
919 863 1035 894 aeger,
1063 850 1090 882 si
1117 862 1181 882 na-

206 919 283 944 tura
302 908 425 941 victrix
442 907 599 950 repulsos
616 903 680 938 hos
698 904 845 937 excutiat
862 914 924 947 per
936 913 1056 941 nares,
1083 900 1181 944 pala-

208 969 295 998 tum,
315 970 352 991 os
369 965 402 992 et
416 965 549 991 meatus
565 956 662 996 alios,
678 962 717 989 ut
737 956 773 988 fit
789 955 825 986 in
844 950 1024 986 catarrhis.
1052 950 1090 984 Si
1109 962 1180 983 non

207 1009 373 1047 excutiat,
402 1009 458 1040 sed
483 1007 583 1040 oneri
609 1006 826 1043 succumbat,
852 1009 1047 1048 sequuntur
1062 1013 1182 1047 παρα-

209 1058 344 1101 λύσας,
386 1065 445 1091 aut
467 1053 737 1103 παραπληγίαι,
779 1061 837 1087 aut
866 1053 1086 1097 apoplexiae,
1121 1057 1181 1083 aut

209 1111 297 1144 aliae
314 1107 369 1141 his
393 1115 557 1151 cognatae
578 1106 823 1149 aegritudines.
878 1104 946 1137 Sed
965 1104 1007 1135 de
1026 1100 1182 1144 Apople-

208 1162 263 1194 xia
283 1160 448 1193 dicemus.
501 1157 539 1191 Si
562 1169 641 1200 ergo
667 1156 727 1201 qui
753 1155 848 1188 venis
868 1155 988 1187 insunt
1004 1150 1182 1191 humores,

210 1224 248 1243 ex
267 1209 496 1253 amplioribus
515 1208 618 1240 ramis
636 1207 856 1250 depellantur
877 1212 980 1249 atque
997 1202 1184 1244 adigantur

210 1262 247 1293 iu
265 1259 526 1302 angustissimos
548 1258 725 1296 surculos,
752 1256 912 1299 protinus
934 1253 1094 1296 impletos
1119 1249 1182 1283 hos

210 1310 432 1348 distendunt,
460 1309 566 1351 inque
591 1313 764 1339 tumorem
796 1306 962 1337 attollunt
991 1302 1183 1339 universos,

210 1362 365 1403 adeoque
384 1359 496 1401 ipsum
514 1356 618 1388 simul
638 1355 771 1388 cerebri
791 1364 930 1397 corpus,
957 1352 995 1383 in
1012 1351 1106 1394 quod
1123 1350 1183 1382 de-

210 1412 365 1453 figuntur
382 1414 414 1441 et
429 1412 630 1451 penetrant,
657 1416 806 1449 moxque
824 1404 897 1447 ipsa
916 1401 1065 1436 tumoris
1082 1399 1184 1439 mole,

211 1471 368 1506 quaeque
389 1459 460 1491 fere
487 1457 603 1490 statim
627 1453 816 1488 humorum
847 1453 1033 1484 infarctum
1063 1460 1185 1482 conse-

212 1511 332 1556 quitur
348 1507 644 1545 inflammatione,
682 1504 833 1547 denique
858 1499 1073 1544 erumpentis
1092 1510 1185 1531 non-

211 1571 392 1603 nunquam
417 1556 596 1599 sanguinis
618 1554 748 1587 effluxu
772 1554 808 1585 in
823 1553 920 1585 sinus
935 1550 1102 1589 laxiores,
1130 1559 1186 1580 ce-

212 1611 315 1644 rebro
330 1608 485 1641 inferunt
501 1602 671 1640 διάθεσιν
697 1601 930 1647 phlegmonae
952 1600 1121 1639 similem,
1147 1605 1185 1631 ut

214 1665 419 1703 occupatum
451 1663 554 1701 atque
581 1655 732 1688 obsitum
765 1653 994 1697 undiquaque
1026 1649 1187 1682 videatur

214 1707 561 1744 inflammationibus.
618 1704 714 1737 Haec
742 1700 908 1740 διάθεσις
938 1700 1066 1744 partim
1091 1711 1187 1732 com-

213 1760 398 1805 primendo
424 1765 526 1802 atque
553 1755 763 1789 coarctando
789 1751 922 1786 cerebri
939 1757 1093 1790 meatus,
1121 1749 1188 1781 im-

214 1810 458 1855 pediendoque
479 1814 613 1839 motum
639 1804 855 1838 diductionis
872 1809 905 1836 et
929 1799 1188 1839 contractionis,

216 1859 449 1894 necessarium
469 1864 501 1890 et
516 1857 558 1890 ad
582 1856 670 1889 alios
689 1866 773 1889 usus
797 1862 830 1888 et
853 1854 896 1887 ad
920 1851 1092 1895 impulsus
1117 1850 1189 1893 spi-

215 1911 347 1944 rituum
364 1921 402 1942 ac
428 1908 587 1942 traiectus
619 1907 655 1938 in
680 1916 825 1945 nervos,
860 1902 989 1948 partim
1012 1900 1189 1945 opplendo

215 1972 339 2006 poros,
374 1966 406 1993 et
436 1959 464 1991 si
488 1957 615 1990 osculis
638 1967 806 1990 venarum
828 1952 994 1988 humores
1019 1951 1190 1990 excidant,

217 2013 307 2055 ipsas
329 2009 431 2043 etiam
456 2008 619 2041 cavitates
642 2007 808 2046 laxiores,
840 2004 922 2037 facit
945 2009 983 2035 ut
1007 2002 1106 2034 nulla
1129 2001 1190 2034 de-

215 2063 347 2095 fluente
363 2059 490 2092 virtute
505 2057 647 2090 animali
665 2057 888 2098 extinguatur
912 2063 1032 2087 sensus
1055 2058 1087 2085 et
1112 2063 1190 2083 mo-

218 2120 273 2145 tus
288 2112 324 2144 in
342 2110 479 2154 reliquo
499 2119 656 2151 corpore.
708 2106 747 2140 Si
773 2106 833 2150 qui
859 2111 954 2137 extra
981 2113 1088 2135 venas
1109 2101 1192 2134 ssui-

218 2168 294 2195 tant
318 2160 489 2194 validiore
511 2159 634 2191 adactu
661 2157 697 2188 in
714 2157 806 2200 ipsos
824 2155 921 2188 sinus
937 2152 1070 2186 cerebri
1087 2158 1191 2196 atque

219 2212 392 2245 anfractus
415 2209 531 2243 subito
562 2207 816 2251 confestimque
840 2204 1056 2248 impingant,
1083 2209 1193 2236 totos-

221 2273 287 2306 que
304 2267 486 2302 occupatos
498 2259 670 2303 expleant,
688 2256 786 2301 sique
805 2256 842 2288 in
859 2264 964 2299 poros
981 2253 1082 2286 etiam
1098 2252 1192 2296 ipsos

222 2310 355 2344 cerebri
396 2321 433 2341 ac
468 2320 655 2342 nervorum
689 2307 838 2340 subeant
867 2311 970 2349 atque
997 2307 1192 2347 penetrent,

222 2362 281 2406 qui
312 2362 380 2393 fere
404 2359 531 2392 talibus
557 2358 721 2391 omnibus
746 2358 912 2400 languent
935 2360 1016 2387 ante
1041 2352 1189 2395 largiore

223 2410 349 2445 imbuti
368 2416 399 2442 et
415 2408 586 2441 tenaciore
603 2406 822 2442 humiditate.
873 2404 956 2439 Tali
982 2414 1062 2447 ergo
1082 2402 1194 2435 infar-

223 2470 280 2496 ctu
301 2458 465 2493 humores
490 2458 611 2491 viscidi
637 2469 714 2490 cum
738 2459 880 2491 obstant
906 2462 1009 2499 atque
1036 2452 1194 2487 officiunt

223 2510 356 2545 cerebri
372 2508 502 2547 motui,
528 2514 601 2540 tum
621 2507 850 2550 irruptionem
870 2513 903 2539 et
919 2504 1103 2539 transitum
1122 2503 1195 2546 spi-

223 2564 354 2596 rituum
373 2558 577 2592 animalium
596 2557 631 2589 in
650 2569 775 2589 nervos
793 2555 966 2589 inhibent.
997 2554 1072 2587 Hoc
1089 2553 1193 2585 modo

224 2611 349 2656 ingesti
372 2616 476 2654 atque
499 2607 639 2651 impacti
664 2605 827 2640 humores
843 2607 897 2639 vel
913 2616 1081 2639 venarum
1099 2603 1195 2636 rivu-

225 2664 267 2696 lis
287 2661 339 2694 vel
357 2660 463 2693 alveis
479 2657 627 2700 cerebri,
655 2658 749 2702 quod
769 2664 801 2691 et
817 2657 922 2691 sectio
941 2655 1094 2691 ostendit
1112 2665 1195 2698 apo-

1229 242 1385 289 συνεχὲς.
1419 243 1581 277 Proxime
1596 246 1688 278 enirn
1707 257 1794 285 eam,
1819 257 1906 290 quae
1922 245 2101 289 apoplexia
2118 257 2201 289 pro—

1227 296 1302 340 prie
1319 295 1458 334 dicitur,
1473 291 1645 329 διάθεσιν
1660 296 1824 336 efficiunt,
1841 294 2042 342 στίγνωσιν
2059 295 2201 333 scilicet,

1228 358 1287 379 seu
1306 344 1573 378 coarctationem
1591 352 1767 378 meatuum
1784 347 1916 379 cerebri
1934 346 2103 379 omnium.
2130 344 2202 377 Cu-

1228 397 1283 429 ius
1299 395 1518 428 differentiae
1537 401 1617 428 sunt
1633 392 1818 434 πύκνωσις
1831 394 1892 430 καὶ
1909 395 2093 442 ἑζιιᾳραξις.
2119 392 2203 427 Πύ-

1227 456 1365 481 κνωσιν
1383 451 1501 479 tumor
1518 451 1653 489 praeter
1678 451 1838 478 naturam
1863 444 2133 480 inflammationi
2157 444 2205 476 si-

1227 497 1341 537 milis,
1370 507 1410 528 ex
1428 495 1557 528 afssuxu
1575 493 1765 528 humorum
1790 507 1852 539 per
1875 508 1994 530 venas:
2023 494 2206 541 {jutppagw

1229 547 1398 579 iufarctus
1415 543 1602 578 humorum
1619 546 1656 578 in
1681 546 1798 578 alveos
1823 553 1855 580 et
1878 546 1985 588 plicas
2010 546 2142 579 cerebri
2164 558 2205 579 ex

1229 598 1360 630 affluxu
1377 602 1471 629 extra
1488 608 1594 628 venas
1613 596 1727 631 efficit.
1780 594 1834 628 Ex
1850 593 1905 629 his
1927 596 2037 641 liquet
2056 596 2205 628 manife—

1229 655 1296 681 sto:
1335 659 1412 679 cum
1437 647 1639 690 apoplexiae
1662 653 1760 680 ortus
1781 647 1825 679 sit
1851 658 1890 678 ex
1921 643 2111 679 humorum
2144 647 2206 678 de-

1230 698 1344 738 fluxu,
1370 697 1521 729 discerni
1541 703 1701 740 oportere
1725 703 1900 740 tempora,
1928 704 1959 730 et
1990 696 2205 729 considerari

1231 748 1330 780 initia
1349 747 1565 791 incipientis,
1593 747 1831 784 consistentis,
1859 753 1892 780 et
1908 748 2088 780 absolutae
2104 753 2208 790 atque

1230 799 1420 842 completae
1452 797 1628 830 ssuxionis.
1708 797 1882 840 Incipiens
1922 795 2207 843 προᾳυλακτὴν,

1230 850 1421 882 consistens
1441 848 1565 891 partim
1585 844 1861 893 προφυλακήν,
1878 850 2004 891 partim
2023 844 2208 892 θεράπευ-

1231 910 1305 932 σινι
1347 899 1506 932 absoluta
1538 896 1765 943 θεράπευσιι(
1791 898 1901 930 solam
1935 898 2049 940 exigit.
2102 897 2208 930 Prae-

1230 956 1321 983 stant
1348 949 1383 982 id
1407 955 1520 981 autem
1546 955 1625 981 ante
1647 960 1750 980 usum
1773 949 1848 981 τῶν
1879 950 2040 981 Τοπικῶν
2058 954 2132 980 tum
2149 959 2208 980 κε-

1230 998 1358 1037 νώσεις
1373 1000 1564 1043 simplices,
1591 1005 1665 1031 tum
1682 994 1932 1037 ἀντισπάσας,
1959 1005 2032 1032 tum
2049 1009 2206 1041 παροχε-

1230 1047 1385 1089 τεύσεις,
1419 1061 1485 1082 usu
1518 1049 1659 1093 quidem
1688 1046 1967 1092 phlebotomiae,
2000 1048 2211 1081 scarificatus

1233 1108 1265 1133 et
1282 1100 1470 1139 similium,
1495 1099 1524 1131 si
1541 1111 1581 1131 ex
1604 1098 1702 1131 venis
1720 1099 1764 1131 sit
1780 1098 1863 1130 mali
1881 1098 1997 1140 origo:
2026 1095 2211 1130 catharcti-

1233 1162 1353 1183 corum
1385 1161 1488 1186 vero,
1531 1155 1750 1188 enematum,
1784 1145 2213 1190 apophlegmatismorum,

1233 1198 1478 1238 errhinorum,
1514 1196 1730 1231 vehementis
1757 1198 1944 1241 ligaturae,
1983 1198 2114 1231 acrium
2147 1197 2212 1230 fri-

1234 1251 1410 1290 ctionum‚
1437 1249 1466 1281 si
1479 1255 1573 1282 extra
1593 1260 1709 1284 venas.

1334 1321 1387 1355 De
1401 1321 1560 1354 absoluta
1573 1348 1582 1362 ,
1610 1321 1646 1354 id
1666 1328 1715 1355 est
1732 1321 1773 1354 de
1790 1322 1878 1355 facta
1896 1321 2078 1366 apoplexia
2096 1319 2213 1366 loqui-

1235 1380 1292 1408 tur
1309 1371 1558 1416 Hippocrates,
1585 1383 1710 1417 quam,
1740 1372 1768 1404 si
1785 1373 1885 1406 sortis
1899 1374 1961 1412 sit,
1984 1372 2069 1405 dicit
2089 1378 2213 1405 curatu

1236 1434 1307 1456 esse
1331 1422 1605 1466 impossibilem,
1635 1422 1663 1453 si
1690 1422 1810 1454 mitior
1839 1429 1872 1455 et
1904 1422 2098 1461 remissior,
2137 1433 2211 1454 non

1236 1471 1381 1505 facilem.
1435 1471 1609 1503 Indicium
1627 1471 1835 1503 fortissimae
1858 1471 2061 1514 apoplexiae
2084 1477 2134 1504 est
2155 1483 2213 1503 ex-

1236 1529 1344 1555 treme
1368 1520 1530 1553 laborans
1551 1520 1751 1563 respiratio,
1785 1532 1888 1565 quam
1911 1521 2056 1554 molitur
2078 1528 2111 1554 et
2134 1532 2215 1564 per-

1239 1571 1309 1614 agit
1326 1571 1506 1604 cerebrum
1524 1570 1676 1613 impulsu
1687 1568 2099 1605 musculorumthoracis.
2126 1570 2215 1604 Cum

1237 1622 1330 1654 enim
1365 1620 1492 1665 reliqui
1522 1620 1671 1653 musculi
1704 1620 1811 1653 totius
1844 1621 2000 1664 corporis
2031 1632 2151 1653 omnes
2177 1622 2215 1653 in

1238 1670 1428 1716 apoplexiis
1464 1670 1650 1704 concidant
1687 1677 1720 1703 et
1760 1671 2022 1714 conquiescant,
2056 1671 2122 1703 soli
2154 1671 2216 1715 qui

1240 1720 1375 1755 thoraci
1399 1720 1574 1758 serviunt,
1612 1720 1772 1764 quamvis
1797 1720 2003 1761 difficulter,
2030 1728 2217 1754 moventur

1238 1779 1354 1806 tamen
1372 1771 1582 1804 adductione
1602 1777 1634 1804 et
1650 1770 1863 1804 relaxatione
1877 1771 1932 1804 sui
1955 1771 2216 1816 aliquantulum

1239 1822 1436 1856 attollentes
1459 1827 1494 1854 et
1519 1821 1762 1854 submittentes
1784 1832 1905 1854 rursus
1937 1828 2076 1865 pectus,
2111 1822 2217 1866 idque

1240 1873 1276 1906 fit
1294 1878 1436 1916 propter
1453 1871 1695 1915 respirationis
1710 1872 1947 1905 necessitatem
1959 1898 1968 1912 ,
1994 1883 2063 1916 qua
2088 1884 2217 1905 nervo-

1241 1934 1318 1956 rum
1338 1922 1448 1955 virtus
1464 1933 1665 1966 quanquam
1684 1922 1853 1965 impedita
1877 1927 1909 1954 et
1932 1922 2101 1964 languens
2127 1922 2217 1955 inci-

1240 1980 1353 2011 tatur,
1376 1973 1479 2005 corde
1496 1972 1794 2014 refrigerationem
1809 1972 1863 2005 sui
1880 1972 2068 2015 flagitante,
2096 1973 2218 2016 expul-

1240 2024 1339 2056 sione
1365 2022 1497 2055 acrium
1521 2022 1792 2065 fuliginosorum
1816 2020 1990 2056 halituum
2007 2029 2041 2056 et
2056 2022 2220 2066 frigidio-

1245 2074 1294 2107 ris
1319 2073 1409 2106 ae'ris
1435 2070 1574 2107 haustu.
1625 2070 1690 2106 Est
1714 2080 1746 2107 et
1766 2073 1865 2106 fortis
1888 2073 2090 2118 apoplexiae
2114 2085 2219 2116 argu-

1243 2130 1423 2163 mentum,
1457 2123 1516 2156 sed
1539 2122 1656 2156 minus
1680 2134 1799 2163 sevae,
1826 2120 2002 2157 anhelitus
2025 2123 2219 2167 inaequalis

1244 2182 1277 2209 et
1301 2173 1524 2207 inordinatus
1544 2180 1648 2218 atque
1675 2173 1855 2214 intensus,
1897 2181 1930 2208 et
1961 2185 2001 2206 ex
2023 2173 2217 2208 intervallis

1246 2236 1318 2258 sese
1350 2231 1424 2257 tum
1461 2224 1665 2264 intendens,
1708 2230 1784 2257 tum
1812 2224 2003 2258 remittens.
2056 2222 2220 2269 Denique

1242 2281 1372 2320 quanto
1387 2273 1524 2307 facilior
1540 2280 1607 2315 est,
1633 2274 1852 2319 aequabilior
1871 2280 1903 2308 et
1928 2273 2042 2307 lenior
2068 2275 2218 2318 respira-

1242 2326 1310 2367 tio,
1336 2331 1432 2359 tanto
1450 2324 1566 2358 minus
1580 2324 1729 2369 periculi
1753 2331 1814 2359 est.

1344 2398 1402 2433 Fit
1424 2405 1539 2433 autem
1561 2399 1662 2433 fortis
1688 2398 1869 2444 apoplexia
1893 2410 1911 2432 a
1929 2399 2032 2443 plena
2050 2401 2218 2445 perfecta-

1244 2461 1312 2496 que
1336 2450 1577 2484 obstructione
1601 2451 1645 2483 ab
1668 2448 1879 2483 humoribus
1903 2450 2070 2493 copiosis,
2096 2452 2220 2485 simut-

1245 2512 1313 2547 que
1339 2507 1400 2534 aut
1426 2500 1567 2538 crassis,
1593 2507 1653 2534 aut
1674 2510 1754 2533 cum
1778 2499 1936 2533 crassicie
1955 2501 2077 2541 lentis,
2103 2503 2219 2536 morbi

1248 2552 1493 2594 magnitudine
1532 2551 1765 2593 respondente
1808 2550 2043 2592 magnitudini
2088 2564 2221 2586 causae.

1245 2601 1473 2635 Cui-ationem
1490 2606 1606 2633 autem
1620 2611 1694 2632 non
1711 2600 1886 2640 admittit,
1913 2612 2036 2644 magna
2063 2613 2100 2634 ex
2125 2610 2219 2646 parte

1246 2659 1390 2696 propter
1406 2647 1644 2685 suffocationis
1670 2650 1884 2694 periculum,
1906 2652 1999 2695 quod
2024 2652 2094 2685 fere
2118 2653 2219 2686 citius
