2324 2955
104 123 176 159 365

702 121 857 160 DECL.
885 121 960 158 DE
993 119 1276 158 ECCLESIA
1312 123 1562 161 CHRISTI.

2040 130 2112 166 366

102 207 321 250 strangulatu
350 208 564 251 extinguitur
589 219 665 248 cor,
697 220 802 253 quam
834 215 1020 242 exonerato
1045 214 1077 241 et
1100 209 1104 248 ξ
1130 205 1277 241 Domini
1297 210 1409 242 nostri
1427 209 1504 245 Iesu
1519 209 1670 252 Christi,
1698 224 1760 256 per
1781 220 1814 247 et
1836 222 1977 259 propter
1998 215 2110 249 filium

102 259 146 291 ab
168 259 266 290 omni
289 258 538 292 obstructionis
560 259 789 302 impeditione
807 260 967 303 expedito
984 270 1078 291 cere-

100 309 186 349 bro,
213 305 347 342 thoraci
370 315 486 342 motus
510 309 600 342 liber
623 310 724 342 reddi
747 316 780 343 et
803 310 940 343 restitui
966 308 1076 353 respi-

99 359 190 392 ratio
208 359 334 403 possit,
365 365 530 404 tantoque
554 360 732 393 difficilius
755 366 916 403 curatur,
943 365 1075 405 quanto

99 416 133 443 et
148 407 336 442 humorum
353 410 464 453 copia,
491 416 522 443 et
541 410 716 444 crassicies
730 422 768 443 ac
784 411 948 444 tenacitas
965 409 1076 442 maior

97 459 221 499 suerit,
262 465 294 492 et
328 456 365 491 hi
396 467 529 493 meatus
559 473 679 494 omnes
709 460 835 493 arctius
865 461 1075 501 obsederint,

97 517 130 543 et
146 507 369 544 adhaeserint
392 511 615 554 pertinacius.
667 510 789 556 Neque
815 511 908 544 enim
932 517 1076 555 propter

96 559 232 604 copiam
268 560 421 594 diminui
456 568 488 595 et
512 559 689 594 exhauriri
713 562 798 601 cito,
833 573 898 594 nec
931 567 1075 605 propter

97 610 292 643 crassicIem
311 623 373 655 per
388 618 551 654 angustos
567 611 705 644 narium
725 618 758 644 ct
780 612 933 645 faucium
949 613 1074 644 ductus

95 660 221 704 prolici
236 667 269 695 et
283 662 400 702 educi,
429 673 493 694 nec
519 668 661 705 propter
687 660 935 696 adhaerentem
957 662 1073 694 lento-

94 722 168 744 rem
191 711 312 744 revelli
333 723 373 745 ac
395 712 556 755 provolvi
580 712 681 745 facile
697 720 856 756 possunt.
909 711 1074 755 Quapro-

93 768 171 806 pter
197 773 275 794 cum
301 768 490 806 repugnet,
532 769 565 796 et
593 760 744 801 ἔνδειξιν
775 763 879 796 aliam
911 763 1073 796 ostendat

93 823 215 846 causae
232 813 395 846 morbum
411 813 569 846 facientis
586 814 762 854 conditio,
789 820 904 847 tamen
929 820 1072 857 propter

92 860 349 896 vehementiam
378 869 411 896 et
441 863 645 896 violentiam
669 864 830 904 ass‘ectus,
854 870 889 897 et
913 863 1072 908 periculi,

91 913 188 957 quod
203 913 312 946 vitam
329 913 435 958 petit,
462 914 759 956 magnitudinem,
784 920 936 947 extrema
953 914 1069 948 statim

94 963 188 997 inter
208 963 308 997 initia
335 971 473 1008 oportet
495 961 658 996 adhiberi
684 964 860 1004 remedia,
888 971 928 997 ut
943 964 971 997 si
997 976 1070 997 non

93 1014 283 1054 liberetur,
315 1020 468 1047 attamen
491 1014 662 1047 allevetur
685 1015 884 1053 cerebrum,
912 1021 946 1048 et
971 1026 1031 1048 cor
1054 1026 1072 1056 a

90 1063 249 1108 periculo
275 1063 516 1097 suffocationis
542 1064 759 1098 vindicatum
778 1065 945 1098 concedat
964 1065 1072 1098 tutio·-

89 1125 163 1147 rem
189 1125 325 1147 moram
348 1115 508 1160 reliquiis
534 1116 650 1148 morbi
673 1116 906 1159 perducendis
923 1117 967 1148 ad
987 1127 1072 1149 con-

88 1164 288 1197 venientem
304 1166 540 1199 maturitatem
554 1192 562 1205 ‚
593 1172 626 1199 et
647 1166 862 1210 extirpandis
887 1172 991 1210 atque
1008 1167 1072 1199 ob-

89 1215 255 1250 terendis.
309 1214 377 1249 Sed
411 1215 586 1260 prolixior
619 1227 694 1249 sum
708 1243 716 1257 ,
756 1228 861 1261 quam
896 1216 1071 1252 convenit.

89 1264 246 1299 Uberior
264 1265 357 1298 enim
383 1266 544 1299 tractatio
571 1266 641 1299 alio
666 1267 829 1309 pertinet.
882 1265 978 1307 Vos,
1003 1266 1071 1298 viri

89 1314 293 1352 clarissimi,
320 1322 359 1348 ut
377 1326 465 1359 quae
485 1315 576 1346 dicta
594 1321 677 1348 sunt
696 1327 714 1347 a
732 1327 786 1347 me
803 1315 890 1348 boni
908 1316 1072 1348 consula-

87 1364 132 1397 tis
146 1391 155 1404 ,
172 1376 236 1408 pro
255 1371 370 1398 vestro
391 1365 544 1397 candore
561 1371 594 1397 et
611 1372 789 1408 perspecta
808 1362 897 1397 mihi
921 1376 1000 1408 erga
1017 1377 1071 1397 me

87 1414 361 1457 benevolentia,
391 1412 617 1446 veliementer
634 1427 709 1446 oro.
761 1413 856 1447 Dixi.

897 1619 943 1637 en.
968 1607 1063 1638 1560.

893 1652 1064 1666 Μ

96 1604 162 1638 No.
186 1603 268 1640 177.

90 1651 260 1666 §om

318 1728 392 1772 De
417 1727 622 1769 Ecclesia
653 1728 833 1771 Christi.

151 1834 182 1861 ln
201 1833 365 1860 orationum
383 1831 416 1857 T.
431 1830 465 1856 V.
483 1839 510 1864 p.
529 1830 606 1863 215„
626 1831 750 1858 Richard.
771 1832 802 1858 T.
818 1832 866 1859 ΠΙ.
885 1842 909 1867 p.
932 1832 976 1860 91.
996 1837 1021 1858 et
1041 1832 1069 1858 in

186 1867 366 1894 Orationibus
391 1866 533 1899 postremis
559 1875 585 1898 p.
613 1867 670 1894 231.
717 1866 802 1891 Etiam
827 1868 972 1899 separatim
998 1867 1069 1892 edita

184 1902 281 1928 Witb.
301 1901 377 1926 1560.
399 1899 459 1925 Vid.
479 1900 596 1926 Strobel.
615 1900 682 1925 bibl.
702 1900 768 1929 Mel.
788 1910 834 1927 no.
853 1902 912 1927 551.

85 1983 214 2018 Oratio
246 1979 293 2015 clo
322 1979 489 2014 Ecclesia
517 1977 677 2020 Christi,
719 1981 882 2013 recitata
911 1989 935 2012 a
962 1980 1068 2025 May.

83 2031 290 2068 Matthia
319 2030 608 2066 Gunderamo
637 2031 949 2074 Granacensi,
990 2031 1067 2064 De-

362 2091 454 2117 cano
463 2104 475 2124 ,
502 2082 620 2116 Nonis
633 2082 777 2115 Martii.

84 2162 175 2204 Tibi
193 2165 418 2210 omnipotens
436 2163 543 2204 Deus,
569 2171 709 2198 aeterne
724 2170 822 2209 pater
836 2163 983 2198 Domini
1000 2177 1066 2199 no-

84 2219 148 2254 stri
168 2218 245 2252 lesu
262 2215 414 2257 Christi,
441 2215 504 2260 qui
521 2215 656 2248 coelum
680 2221 714 2249 et
739 2222 865 2249 terram
889 2222 922 2249 et
945 2213 1063 2249 homi-

80 2281 143 2304 nes
152 2275 186 2303 et
202 2279 324 2302 omnes
339 2272 524 2306 creaturas,
540 2278 609 2299 una
625 2277 704 2299 cum
721 2265 792 2300 filio
804 2273 864 2300 tuo
879 2272 1063 2300 coaeterno

79 2319 238 2356 Domino
253 2325 373 2352 nostro
390 2316 468 2350 lesu
485 2314 642 2357 Christo,
659 2322 692 2349 et
707 2315 842 2360 Spiritu
860 2324 920 2351 tuo
939 2324 1059 2351 sancto

80 2370 218 2411 creasti,
232 2376 264 2403 et
281 2369 451 2401 immensa
464 2367 622 2401 bonitate
639 2373 782 2411 propter
798 2368 908 2401 filium
925 2367 1062 2411 colligis

78 2428 258 2457 aeternam
275 2417 483 2459 Ecclesiam,
508 2419 637 2462 gratias
664 2429 749 2462 ago,
775 2419 868 2463 quod
893 2415 1061 2453 hactenus

81 2484 146 2507 nos
165 2472 353 2505 clementer
369 2469 571 2512 gubernasti
588 2476 620 2502 et
638 2468 831 2512 protexisti,
847 2467 970 2514 Teque
986 2481 1061 2511 oro,

80 2530 120 2558 ut
128 2533 263 2566 semper
273 2521 363 2554 inter
373 2531 436 2552 nos
446 2526 622 2553 aeternam
631 2517 821 2553 Ecclesiam
832 2519 896 2552 tibi
906 2519 1060 2562 colligas,

81 2580 115 2608 et
138 2584 212 2607 non
232 2572 326 2606 sinas
350 2570 442 2603 inter
462 2581 526 2604 nos
551 2570 707 2613 extingui
731 2570 844 2603 lucem
860 2567 1055 2612 Evangelii,

77 2624 297 2668 agnitionem
311 2621 374 2654 filii
392 2620 443 2654 tui
462 2627 495 2654 et
504 2632 621 2654 veram
639 2621 898 2654 invocationem
915 2628 1058 2664 propter

79 2675 228 2719 gloriam
244 2679 358 2711 tuam,
385 2668 420 2705 Ο
435 2671 658 2718 omnipotens
673 2670 781 2713 Densa,
806 2677 944 2707 aeterne
958 2678 1057 2717 pater

1132 264 1234 290 tuum
1256 258 1449 292 Dominum
1477 269 1634 296 nostrum
1661 262 1776 296 Iesum
1800 262 1980 299 Christum
2012 278 2111 299 serva

1101 308 1103 316 ¹
1133 307 1226 341 inter
1249 320 1314 342 nos
1338 310 1522 355 reliquias,
1558 319 1590 345 te
1615 325 1693 346 vere
1716 324 1939 356 agnoscentes
1965 323 1997 349 et
2022 317 2111 350 cele-

1101 355 1103 386 ἦ
1133 358 1294 399 brantes,
1327 367 1360 393 et
1388 372 1452 394 nos
1479 362 1582 395 facito
1610 362 1718 409 σκευὴ
1745 363 1881 406 ἐλέους,
1917 374 1949 400 et
1980 378 2110 410 organa

1130 420 1222 452 quae
1241 409 1278 441 in
1296 411 1394 442 omni
1413 413 1616 447 aeternitate
1634 426 1713 447 vera
1730 415 1945 457 gratitudine
1961 424 1995 452 et
2011 417 2111 451 laeti-

1128 458 1180 492 cia
1208 465 1241 493 te
1265 461 1453 498 celebrent.

1227 532 1323 566 Haec
1341 541 1420 568 vota
1439 537 1592 579 primum
1611 537 1722 570 facere
1739 549 1803 570 nos
1819 539 1856 572 in
1881 537 1935 573 his
1959 542 2109 585 publicis

1127 584 1370 626 congressibus
1387 587 1493 627 decet,
1510 588 1591 632 quia
1607 594 1697 620 certe
1715 589 1954 631 convenimus,
1969 599 2008 625 ut
2026 605 2109 636 pro-

1098 640 1101 670 ς
1126 640 1204 677 pter
1220 634 1367 677 gloriam
1386 635 1470 678 Dei,
1496 638 1611 671 studia
1627 639 1868 672 doctrinarum
1892 647 2011 674 nostro
2029 643 2106 676 loco

1125 684 1298 720 iuvemus.
1346 685 1429 720 Ideo
1448 694 1481 721 et
1497 699 1558 721 vos
1578 695 1611 722 et
1628 701 1692 721 nos
1709 689 1943 733 adiungamus
1959 693 2108 734 gemitus

1125 741 1264 768 nostros
1286 737 1328 769 ad
1357 738 1593 781 precationem
1617 739 1680 771 filii
1703 738 1788 780 Dei,
1825 752 1950 785 quam,
1984 741 2022 774 in
2044 743 2107 776 illo

1124 785 1287 818 mirando
1312 798 1422 829 agone
1447 800 1508 822 suo
1532 789 1674 830 recitat,
1705 790 1888 835 inquiens:
1922 791 2108 827 Sanctifica

1126 846 1183 868 eos
1201 835 1238 867 in
1253 837 1409 876 veritate,
1428 851 1540 872 sermo
1560 846 1639 873 tuus
1655 847 1705 874 est
1721 841 1858 877 veritas.
1912 841 2010 875 Idem
2029 855 2110 876 cum

1125 886 1200 928 ipso
1226 898 1362 919 mecum
1385 890 1506 931 petite:
1541 889 1726 924 Sanctifica
1753 903 1838 930 nos,
1881 893 2107 937 omnipotens

1125 934 1239 974 Deus,
1266 943 1405 970 aeterne
1428 946 1526 983 pater
1542 939 1689 973 Domini
1716 943 1828 975 nostri
1857 941 1935 976 Iesu
1958 942 2108 988 Christi,

1126 986 1164 1018 in
1183 987 1329 1020 veritate
1353 994 1431 1030 tua,
1469 1001 1583 1022 sermo
1603 998 1683 1024 tuus
1711 998 1760 1024 est
1781 992 1920 1026 veritas.
1974 993 2022 1027 L‘t
2043 1006 2108 1028 au-

1125 1044 1194 1071 tem
1211 1037 1378 1071 usitatum
1399 1046 1468 1079 est,
1495 1040 1537 1073 de
1554 1040 1671 1086 aliqua
1689 1042 1870 1075 doctrinae
1891 1050 1989 1087 parte
2013 1045 2108 1078 dice-

1127 1099 1183 1128 re,
1211 1089 1346 1132 sumpsi
1370 1090 1492 1122 utilem
1519 1092 1891 1126 commonefactionem
1917 1094 1959 1126 de
1983 1092 2108 1128 Eccle-

1130 1138 1198 1179 sia,
1225 1139 1268 1170 de
1284 1151 1352 1183 qua
1378 1152 1456 1173 cum
1487 1153 1607 1173 recens
1631 1142 1773 1187 quidam
1797 1143 1983 1176 vociferari
2009 1157 2109 1189 cepe-

1126 1189 1218 1228 rint,
1246 1186 1439 1222 Ecclesiam
1461 1191 1676 1224 invisibilem
1695 1204 1777 1233 esse,
1805 1206 1876 1238 quo
1893 1206 1930 1227 ex
1948 1205 2109 1229 sermone

1125 1239 1284 1282 sequitur
1310 1237 1471 1286 ἀναρχία
1496 1249 1529 1275 et
1544 1243 1727 1287 multiplex
1747 1243 1959 1278 incertitudo
1977 1246 2020 1278 de
2043 1246 2109 1279 do-

1126 1289 1260 1328 ctrina,
1294 1290 1336 1322 de
1365 1291 1575 1324 testimoniis
1601 1300 1797 1337 temporum
1821 1301 1855 1328 et
1880 1297 2108 1339 synodorum,

1127 1339 1170 1370 de
1197 1338 1445 1372 coniunctione
1473 1342 1604 1374 civium
1629 1340 1805 1376 Ecclesiae
1827 1345 1975 1386 tuenda,
2003 1352 2035 1379 et
2063 1347 2107 1379 de

1128 1387 1289 1421 societate
1313 1389 1565 1423 invocationis:
1601 1404 1737 1426 necesse
1767 1400 1815 1427 est
1850 1402 1964 1428 extare
1988 1408 2107 1430 veram

1126 1444 1158 1469 et
1175 1438 1393 1480 perspicuam
1413 1442 1634 1474 sententiam.
1687 1442 1725 1476 Si
1743 1444 1837 1476 enim
1861 1446 1960 1479 nulla
1985 1453 2034 1480 est
2052 1447 2107 1479 vi-

1126 1486 1237 1518 sibilis
1255 1485 1409 1520 Ecclesia
1426 1489 1463 1520 in
1480 1487 1544 1522 liae
1562 1491 1648 1531 vita,
1677 1495 1855 1535 quomodo
1873 1503 2107 1537 agnoscentur

1127 1541 1160 1568 et
1176 1535 1331 1569 ministri
1348 1535 1531 1581 Evangelii
1550 1546 1583 1572 et
1600 1542 1802 1575 auditores?
1828 1551 1861 1577 et
1877 1556 1965 1589 quae
1982 1544 2106 1579 Eccle-

1126 1586 1196 1618 siae
1222 1586 1351 1620 iudicia
1378 1595 1497 1629 erunt,
1523 1590 1566 1622 de
1590 1591 1719 1634 quibus
1744 1593 1912 1637 scriptum
1940 1603 2004 1629 est:
2031 1598 2107 1631 Dic

1126 1636 1341 1670 Ecclesiae?
1368 1637 1468 1681 Quae
1485 1639 1549 1673 erit
1567 1642 1848 1676 testimoniorum
1865 1646 2044 1687 autoritas,
2064 1648 2107 1680 de

1126 1688 1369 1730 temporibus?
1398 1688 1440 1722 de
1465 1691 1611 1734 receptis
1628 1691 1753 1725 libris?
1789 1695 1832 1727 de
1848 1697 2106 1731 controversia-

1127 1749 1206 1770 rum
1224 1737 1390 1771 iudiciis?
1422 1738 1612 1781 Quomodo
1631 1742 1867 1778 discernemus
1885 1746 1974 1779 cives
1991 1753 2022 1780 et
2039 1745 2106 1780 ho—

1125 1794 1213 1826 stes,
1240 1800 1392 1832 quorum
1418 1793 1609 1833 expetenda
1636 1800 1668 1826 et
1699 1796 1828 1828 tuenda
1860 1795 1904 1829 sit
1936 1797 2106 1831 societas?

1125 1838 1186 1882 qui
1200 1838 1359 1881 fugiendi
1374 1840 1467 1873 sint?
1495 1840 1626 1883 Quales
1642 1843 1679 1876 in
1698 1844 1919 1879 invocatione
1941 1849 2105 1882 tenebrae

1126 1894 1248 1928 erunt,
1282 1889 1311 1921 si
1340 1902 1414 1922 non
1437 1891 1632 1935 distingues
1654 1894 1913 1929 invocationem
1939 1904 2035 1931 tuam
2060 1899 2105 1932 ab

1123 1939 1346 1972 invocatione
1369 1938 1523 1974 hostium
1547 1941 1695 1982 Christi,
1730 1946 1773 1978 de
1797 1946 1925 1990 quibus
1951 1948 2024 1992 ipse
2047 1949 2104 1981 in-

1122 1988 1214 2033 quit:
1260 1988 1341 2022 Non
1375 1991 1555 2024 adsumam
1588 1994 1734 2027 nomina
1775 2007 1898 2029 eorum
1928 1998 1965 2030 in
2000 1999 2103 2032 labiis

1120 2038 1233 2071 meis?
1259 2038 1348 2072 Cum
1375 2041 1482 2083 igitur
1505 2042 1677 2076 certitudo
1702 2047 1900 2089 quaerenda
1923 2047 1983 2089 sit,
2010 2056 2102 2083 recte

1120 2090 1163 2122 de
1180 2087 1235 2122 his
1253 2091 1357 2124 tantis
1381 2092 1487 2125 rebus
1513 2089 1673 2126 homines
1696 2095 1847 2129 docendi
1872 2104 1965 2131 sunt.
2019 2098 2100 2132 Pri-

1119 2152 1216 2173 mum
1233 2142 1477 2175 constituenda
1494 2149 1545 2176 est
1570 2143 1730 2178 definitio
1749 2144 1925 2180 Ecclesiae
1950 2148 2100 2183 visibilis

1119 2190 1156 2223 in
1176 2187 1241 2223 hac
1264 2191 1354 2233 vita,
1381 2203 1576 2236 congruens
1602 2207 1681 2228 cum
1708 2196 1937 2239 imaginibuS,
1966 2211 2053 2244 quae
2079 2212 2099 2234 a

1118 2241 1190 2274 filio
1218 2239 1286 2274 Dei
1310 2243 1460 2277 traditae
1485 2251 1583 2285 sunt,
1611 2245 1653 2278 de
1676 2244 1830 2289 Sagena,
1864 2248 1900 2281 in
1926 2261 1993 2294 qua
2017 2258 2098 2285 sunt

1116 2291 1251 2326 boniet
1267 2294 1350 2327 mali
1366 2294 1490 2339 pisces,
1516 2301 1549 2329 et
1566 2306 1645 2328 cum
1667 2293 1731 2329 hac
1750 2298 2003 2342 appellatione:
2031 2300 2097 2335 Dic

1116 2340 1302 2377 Ecclesiae.

1218 2415 1367 2453 Affirmo
1400 2419 1507 2462 igitur
1531 2416 1724 2455 Ecclesiam
1754 2421 1929 2458 visibilem
1960 2425 1997 2459 in
2018 2424 2093 2472 :hac

1115 2469 1206 2510 vita,
1239 2476 1375 2503 coetum
1403 2470 1579 2503 visibitem
1602 2483 1694 2514 esse,
1726 2474 2012 2518 amplectentium
2037 2478 2093 2511 in-

1114 2527 1315 2564 corruptam
1350 2518 1537 2562 Evangelii
1574 2522 1789 2566 doctrinam,
1833 2525 1870 2558 in
1906 2540 1974 2572 quo
2009 2537 2090 2563 sunt

1111 2571 1213 2604 multi
1232 2571 1330 2604 electi
1349 2572 1391 2603 ad
1419 2578 1596 2605 aeternam
1621 2574 1787 2616 salutem,
1814 2582 1846 2609 et
1870 2578 1981 2611 renati
2006 2591 2088 2612 voce

1108 2619 1294 2664 Evangelii
1319 2627 1352 2655 et
1375 2621 1513 2665 Spiritu
1537 2630 1675 2666 sancto,
1710 2626 1774 2659 etsi
1798 2633 1880 2660 sunt
1895 2628 1942 2666 ¹in
1965 2629 2087 2661 codem

1108 2679 1210 2708 coetu
1232 2672 1293 2707 alii
1319 2684 1457 2718 quoque
1481 2684 1555 2708 non
1581 2674 1708 2719 sancti,
1735 2677 1794 2710 sed
1814 2678 1980 2712 tamenin
1998 2690 2083 2724 pro-
