2324 2955
142 116 158 150 1
169 113 243 150 069
703 113 730 151 Ι.

141 199 253 232 decim
270 198 381 232 millia
392 197 635 234 Romanorum
653 199 818 242 militum,
833 212 893 234 seu
909 200 1007 234 ducis
1016 198 1124 234 Com-

140 249 301 283 mentioli
325 246 474 283 Thracis
501 250 664 294 perfidia,
699 263 758 284 seu
781 251 850 285 alio
877 263 968 286 casu,
1022 249 1063 283 In
1086 261 1123 283 ea

139 311 224 333 vero
255 300 479 344 expeditione
508 299 669 343 Caganus
700 303 828 346 templa
863 302 1058 341 deleverat,
1091 307 1124 333 et

139 361 216 384 ossa
233 357 428 395 martyrum
454 362 493 383 ex
518 352 759 385 monumentis
785 353 942 386 eiecerat.
998 351 1122 386 Secuta

139 401 248 444 igitur
263 400 460 444 pestilentia
471 427 480 441 ,
508 401 545 434 in
561 415 628 446 qua
646 410 775 446 septem
793 404 882 436 filios
897 415 968 436 uno
984 403 1040 435 die
1055 403 1121 438 Ca-

138 462 250 494 ganus
283 450 418 491 amisit,
452 452 596 485 domum
629 454 742 486 redire
774 461 949 498 properat.
1003 452 1123 494 Quare

137 501 291 535 ostendit
326 513 425 545 posse
453 503 580 535 redimi
605 510 638 537 et
669 505 842 548 captivos,
879 516 941 547 pro
974 503 1122 549 singulis

138 563 251 586 unum
279 564 423 585 aureum
447 553 543 596 petit.
603 553 713 597 Negat
736 554 931 588 Mauricius
953 566 1013 588 seu
1040 566 1120 586 ava—

137 601 236 640 ricia,
265 609 303 635 ut
320 603 496 644 scribitur,
523 615 582 637 seu
600 606 790 648 pertinacia
806 617 840 638 se
858 607 1119 649 redempturum

141 664 213 686 esse
231 653 398 696 captivos,
452 653 565 688 Iratus
582 655 689 698 igitur
702 656 859 699 Caganus
876 667 996 688 omnes
1013 654 1121 689 truci-

137 703 213 736 dari
232 703 342 739 iussit.
395 703 533 738 Horum
553 706 717 740 interitus
734 719 811 740 curn
836 719 1000 747 magnum
1019 705 1119 738 dolo—

138 766 211 786 rem
229 754 350 788 multis
367 755 526 797 afferret,
554 763 649 790 ortae
665 765 746 791 sunt
763 758 800 790 in
819 757 964 802 reliquis
989 756 1119 789 exerci-

137 804 234 838 tibus
250 805 459 847 seditiones,
487 808 690 850 praesertim
716 809 797 853 quia
822 815 855 841 et
874 807 997 841 Petrus
1014 808 1121 839 frater

137 853 307 888 Mauricii.
340 857 411 890 dux
442 858 615 900 stipendia
640 859 785 902 indigne
807 859 999 902 pendebat,
1026 865 1059 891 et
1085 857 1119 888 in

138 912 277 939 tantum
302 907 423 940 odium
445 909 541 941 venit
566 908 779 949 Mauricius,
813 916 851 941 ut
876 909 911 940 in
934 909 990 941 die
1013 908 1119 940 natali

138 953 273 990 Christi
308 957 509 1000 ingrediens
538 959 575 991 in
609 960 778 1002 templum
820 971 906 1002 pene
944 959 1121 1000 lapidibus

137 1007 284 1040 obrutus
314 1008 370 1042 sit.
425 1008 497 1041 Nec
528 1016 664 1042 tantum
693 1009 970 1041 benevolentiam
999 1007 1119 1050 populi

138 1057 177 1088 in
195 1058 338 1089 adversa
349 1058 489 1088 fortuna
508 1057 634 1097 amisit,
661 1059 718 1090 sed
739 1059 841 1090 etiam
854 1058 963 1090 virtus
976 1058 1119 1100 langue—

137 1106 225 1140 sacta
244 1112 305 1146 est,
332 1113 365 1139 et
382 1107 484 1139 multi
503 1119 640 1140 errores
655 1109 883 1141 consiliorum
902 1109 1010 1141 secuti
1030 1115 1120 1147 sunt,

137 1156 226 1190 sicut
247 1156 392 1190 dicitur:
421 1155 534 1201 Aeger
558 1159 697 1191 animus
719 1170 856 1202 semper
877 1166 981 1193 errat.
1034 1156 1120 1191 Phi-

138 1207 308 1251 lippicum
330 1209 474 1248 ducem,
501 1209 556 1242 cui
584 1217 690 1253 nupta
718 1217 787 1242 erat
818 1209 983 1242 Mauricii
1010 1221 1120 1249 soror,

138 1257 281 1292 inclusit
299 1258 336 1292 in
353 1271 525 1293 carcerem
537 1287 545 1300 ‚
572 1260 658 1293 falso
684 1261 862 1304 suspicans
880 1272 958 1293 eum
975 1272 1119 1303 regnum

139 1315 311 1353 appetere.
365 1308 564 1343 Germanus
581 1311 634 1343 cui
656 1318 764 1355 nupta
789 1317 862 1344 erat
879 1323 978 1344 soror
1003 1310 1121 1343 uxoris

141 1358 329 1400 Mauricii,
363 1372 441 1393 cum
467 1372 545 1393 eum
574 1359 812 1405 prehensurus
840 1368 943 1402 esset,
972 1361 1059 1403 sugit
1084 1362 1121 1393 in

141 1410 327 1454 templum:
372 1411 464 1444 filius
498 1409 737 1451 Theodosius,
772 1413 826 1445 cui
853 1412 1023 1445 Germani
1052 1412 1120 1444 filia

141 1468 249 1505 nupta
281 1468 375 1502 erat,
411 1473 530 1495 caesus
560 1470 610 1496 est
639 1464 809 1502 fustibus,
836 1463 918 1508 quia
944 1470 1041 1507 pater
1063 1475 1121 1495 su-

142 1512 343 1555 spicabatur
372 1524 451 1546 eum
484 1513 652 1547 adiuvare
691 1514 837 1548 consilia
870 1526 967 1547 socer
1002 1520 1122 1547 contra

138 1562 265 1604 ipsum.

246 1619 346 1653 Talia
383 1622 538 1666 exempla
571 1634 635 1655 nos
664 1624 707 1655 de
736 1623 938 1655 infirmitate
971 1620 1123 1655 humana

144 1672 477 1712 commonefaciant,
505 1685 594 1717 quae
612 1675 800 1707 ostendunt
819 1686 890 1705 non
920 1673 1033 1705 solum
1053 1672 1122 1704 sor-

145 1726 267 1753 tunam
296 1723 445 1760 mutari,
481 1725 538 1755 sed
568 1726 661 1767 quod
697 1725 808 1756 multo
834 1724 967 1750 Μῖῡῑῖυδ
994 1729 1062 1754 est,
1089 1722 1124 1748 Π]

144 1771 280 1814 magnis
298 1772 380 1804 viris
398 1773 551 1809 extingui
570 1769 775 1811 sapientiam
795 1775 828 1801 et
847 1769 1023 1800 virtutem.

248 1841 433 1875 Auxerunt
470 1843 769 1874 consternationes
798 1841 962 1875 Mauricii
990 1848 1023 1874 et
1044 1853 1123 1885 pro-

146 1892 240 1936 digia
265 1899 296 1925 et
313 1893 464 1925 somnia:
491 1892 704 1936 Conspectus
729 1899 776 1925 est
801 1899 933 1925 cometa
959 1890 1126 1935 Xipliias:

148 1944 311 1977 Accurrit
337 1941 529 1976 monachus
547 1944 689 1987 quidam
718 1943 836 1976 stricto
862 1943 978 1986 gladio
997 1943 1039 1974 ad
1059 1950 1125 1975 sta-

147 2001 243 2027 tuam
271 1994 509 2038 imperatoris,
538 1994 738 2034 clamitans,
766 1994 1010 2037 imperatorem
1035 1994 1126 2025 ferro

148 2044 344 2088 periturum
363 2056 452 2077 esse:
485 2044 560 2086 lpse
577 2045 776 2084 somniavit,
804 2057 838 2076 se.
856 2045 943 2076 tradi
966 2044 1122 2085 iugulan-

148 2097 233 2127 dum
258 2106 320 2128 suo
337 2095 441 2128 militi
462 2091 618 2129 Phocoe.
672 2094 791 2137 Quare
816 2093 1054 2138 Pliilippicum
1089 2107 1125 2126 ex

148 2156 285 2178 carcere
321 2146 485 2179 eductum
518 2147 728 2188 interrogat,
762 2146 874 2190 qualis
901 2145 943 2178 sit
972 2143 1129 2177 Pliocas'?

148 2194 370 2240 Respondet,
406 2197 647 2229 centurionem
681 2197 904 2229 ambitiosum
944 2206 1034 2235 esse,
1070 2197 1127 2227 sed

148 2247 323 2280 timidum.
394 2246 506 2281 Addit
547 2247 654 2289 igitur
697 2246 891 2280 Mauricius
925 2244 990 2279 boe
1033 2252 1130 2278 vetus

148 2296 299 2332 dictum:
329 2297 367 2331 Si
388 2298 532 2332 timidus
548 2305 614 2337 est,
639 2295 817 2331 homicida
835 2305 897 2339 est,
925 2304 963 2330 ut
981 2303 1130 2329 vetustas

148 2347 252 2381 dixit:
282 2350 356 2383 πᾶν
381 2346 500 2383 δειλὸν
519 2346 686 2394 ([ιονικόν.

252 2414 411 2460 Cumque
431 2416 517 2449 varii
535 2423 647 2449 essent
664 2416 700 2448 in
718 2416 804 2448 urbe
822 2422 854 2447 et
880 2415 914 2447 in
940 2416 1059 2448 castris
1077 2422 1131 2449 tu-

152 2466 305 2504 multus,
333 2467 459 2500 milites
487 2469 529 2500 ad
557 2468 684 2500 Istrum
704 2466 954 2501 Centurionem
979 2464 1131 2499 Pliocain

152 2516 268 2549 virum
285 2514 478 2550 Thracium
496 2518 671 2550 sublatum
695 2518 730 2550 in
750 2518 909 2562 clypeum
927 2516 1049 2550 iubent
1068 2518 1131 2549 iui-

154 2574 349 2611 peratorein
374 2580 391 2600 a
418 2574 489 2600 toto
519 2569 670 2601 exercitu
704 2567 889 2600 nominari.
956 2566 1022 2600 llic
1056 2580 1132 2599 cum

153 2618 276 2651 turbae
302 2618 465 2651 militaris
491 2620 799 2652 acclamationibus
824 2618 1023 2650 nominatus
1047 2624 1128 2651 esset

155 2668 363 2712 imperator,
397 2676 560 2713 properat
582 2668 934 2712 Constantinopolin,
968 2669 1028 2701 ubi
1056 2681 1133 2703 eum

781 112 1074 150 CHRONICON
1102 111 1347 149 CARIONIS.
1399 113 1524 150 PARS
1552 114 1598 152 ΙΙ.

2057 119 2153 154 1070

1175 198 1215 230 in
1238 198 1442 233 suburbano
1468 208 1613 235 coronat
1635 199 1836 235 Patriarcha
1862 197 2064 248 Cyriacus,
2099 205 2154 237 in-

1176 260 1332 291 gressum
1356 250 1393 283 in
1414 252 1537 284 urbem
1564 253 1713 296 populus
1738 253 1872 297 recipit.
1932 251 1978 287 Et
2006 255 2088 298 quia
2110 256 2154 288 ad

1174 297 1430 333 Chalcedonem
1451 301 1645 336 Mauricius
1670 310 1828 345 aegrotus
1846 316 1924 337 cum
1950 304 2098 348 coniuge
2121 312 2155 338 et

1173 351 1289 392 parvis
1306 351 1385 384 filiis
1407 359 1439 385 et
1456 352 1593 386 filiabus
1618 354 1768 395 fugerat,
1790 355 1890 398 seqni
1916 367 1993 387 eum
2012 353 2150 388 Phocas

1176 399 1367 444 Tyrannus
1397 403 1507 437 iussit,
1581 404 1741 448 Suntque
1773 404 1809 436 in
1843 412 1946 447 portu
1978 412 2153 448 spectante

1174 448 1290 483 Plioca
1304 452 1458 496 primum
1482 455 1552 486 ‹luo
1570 454 1725 487 iuniores
1748 455 1809 486 filii
1836 454 1999 488 Blauricii
2026 457 2153 496 necati,

1174 501 1300 534 deinde
1320 509 1388 536 tres
1406 503 1515 543 filiae,
1543 511 1620 547 post
1638 502 1699 537 has
1715 504 2063 538 materConstantina
2081 506 2151 539 filia

1174 551 1256 583 boni
1292 553 1460 596 principis
1492 554 1641 589 Tiberii.
1711 554 1932 598 Spectaverat
1957 555 2151 590 Mauricius

1173 601 1325 635 filiorum
1349 611 1381 636 et
1405 604 1556 637 filiarum
1581 615 1682 637 neces
1708 606 1869 638 mirando
1901 606 2059 646 silentio,
2092 608 2149 640 sed

1173 664 1250 684 cum
1273 653 1368 686 videt
1399 661 1551 686 sanctam
1578 655 1762 697 coniugem
1789 656 1892 687 etiam
1920 656 2035 696 feriri,
2062 654 2152 690 hanc

1173 702 1282 736 edidit
1314 704 1566 737 consessionem
1601 717 1745 738 suorum
1768 706 1990 739 delictorum:
2026 705 2152 740 Iustus

1173 764 1207 785 es
1225 750 1405 793 Domine,
1442 759 1471 787 el
1496 760 1626 788 rectum
1651 760 1700 788 est
1723 753 1898 789 iudicium
1923 761 2034 790 tuum.
2083 757 2151 790 Po-

1174 810 1243 836 stea
1260 811 1293 837 et
1309 805 1373 848 ipsi
1390 804 1566 838 Mauricio
1584 814 1684 851 caput
1703 808 1895 850 praecisum
1926 814 1986 843 est.
2037 807 2151 841 Cada-

1174 866 1254 886 vera
1271 855 1307 887 in
1324 856 1441 888 littore
1462 857 1593 889 abiecta
1613 864 1711 895 sunt,
1738 865 1776 891 ut
1793 870 1810 890 a
1827 858 1956 901 populo
1973 860 2150 902 conspice-

1174 912 1312 946 rentur,
1348 919 1436 950 quae
1475 907 1603 940 deiude
1637 908 1681 940 ab
1728 906 1890 940 eunucho
1926 911 2076 953 quodam
2114 910 2150 941 in

1174 956 1303 997 templo
1321 957 1452 998 sepulta
1470 963 1561 990 sunt.
1615 958 1727 989 Filius
1745 957 1967 992 Theodosius
1985 960 2151 1003 praemis-

1173 1015 1230 1036 sus
1249 1011 1321 1037 erat
1337 1017 1355 1037 a
1374 1012 1490 1048 patre,
1517 1013 1555 1038 ut
1573 1008 1614 1038 ad
1631 1006 1753 1040 Persas
1771 1009 1902 1051 sugeret
1915 1036 1922 1049 ‚
1952 1006 2044 1042 hunc
2063 1022 2151 1054 quo-

1173 1066 1240 1098 que
1266 1066 1306 1087 ex
1337 1056 1416 1096 suga
1453 1063 1641 1089 retractum
1667 1056 1800 1090 Phocas
1837 1060 2004 1091 trucidari
2041 1061 2150 1093 iussit.

1174 1104 1258 1137 Mox
1277 1105 1449 1139 interfecti
1467 1114 1595 1139 suntet
1615 1106 1815 1141 Germanus
1832 1120 1930 1142 socer
1948 1107 2154 1150 Theodosii,

1173 1162 1205 1188 et
1231 1155 1300 1187 filia
1317 1156 1410 1196 eius,
1439 1155 1632 1190 Theodosii
1659 1158 1823 1191 coniunx.
1876 1157 1933 1192 Ab
1957 1157 2010 1192 liis
2037 1162 2152 1192 decem

1174 1206 1328 1249 cognatis
1360 1208 1566 1250 corporibus
1593 1208 1733 1241 initium
1763 1206 1958 1242 horrendae
1987 1210 2153 1243 saeviciae

1175 1258 1300 1290 factum
1330 1264 1397 1297 est,
1424 1270 1512 1302 quae
1531 1265 1644 1300 postea
1665 1259 1768 1291 latius
1780 1267 1928 1302 grassata
1947 1267 1996 1293 est
2014 1261 2049 1292 in
2067 1262 2153 1292 aini-

1174 1319 1231 1340 cos
1263 1307 1440 1340 Mauricii.
1487 1308 1581 1342 Ilaec
1602 1316 1696 1342 tanta
1718 1310 1819 1342 ruina
1846 1310 2085 1343 nobilissimae
2102 1311 2151 1343 sa—

1177 1358 1291 1391 miliae
1313 1359 1418 1401 digna
1454 1366 1503 1391 est
1540 1360 1833 1396 consIderatione.

1276 1424 1352 1459 Etsi
1368 1426 1434 1458 fuit
1458 1427 1492 1458 in
1510 1426 1684 1460 Mauricio
1710 1428 1835 1461 virtus:
1864 1435 1980 1461 tamen
2005 1430 2058 1461 vel
2086 1430 2155 1462 ira-

1176 1476 1302 1509 cundia
1337 1476 1390 1508 vel
1424 1477 1611 1520 pertinacia
1648 1479 1823 1520 peccavit,
1854 1491 1932 1512 cum
1968 1480 2156 1513 exercitum

1178 1539 1248 1558 non
1267 1526 1432 1567 redemit,
1458 1534 1489 1560 et
1505 1535 1723 1561 accesserunt
1746 1528 1813 1561 alia
1839 1536 1976 1572 peccata
2000 1542 2157 1562 commu-

1178 1579 1234 1609 nia
1255 1575 1429 1609 humanae
1447 1578 1655 1613 infirmitati.
1710 1573 1826 1611 Poena
1844 1579 1949 1621 igitur
1969 1580 2075 1624 ipsius
2093 1591 2157 1612 nos

1178 1629 1220 1660 de
1236 1628 1285 1660 ira
1304 1626 1369 1660 Dei
1389 1629 1595 1667 admoneat,
1623 1636 1659 1662 ut
1678 1630 1784 1662 simus
1809 1630 1980 1668 modesti,
2006 1637 2037 1663 et
2059 1630 2157 1662 viva-

1179 1690 1254 1711 mus
1275 1679 1309 1710 in
1328 1678 1455 1711 timore
1473 1678 1536 1711 Dei
1568 1686 1599 1712 et
1623 1680 1657 1712 in
1683 1680 1915 1714 invocatione.

1281 1739 1395 1773 Simul
1413 1750 1528 1776 autem
1545 1752 1572 1776 et
1596 1747 1798 1785 magnitudo
1816 1746 2051 1788 poenitentiae
2074 1759 2159 1779 con-

1181 1791 1374 1834 sideretur,
1402 1804 1504 1836 quam
1527 1794 1675 1835 optarim
1700 1794 1807 1836 magis
1825 1797 2004 1838 perspicue
2031 1797 2162 1829 descri-

1180 1848 1274 1885 ptam
1310 1853 1380 1874 esse
1411 1843 1571 1885 pluribus
1603 1843 1812 1877 testimoniis
1840 1846 2072 1879 invocationis
2095 1845 2159 1879 Dei

1182 1891 1344 1926 recitatis.
1397 1893 1465 1924 Sed
1500 1890 1584 1925 baec
1616 1906 1772 1936 expressa
1805 1896 1975 1928 confessio
2000 1898 2036 1928 in
2062 1904 2160 1929 tanto

1181 1943 1323 1974 dolore:
1354 1941 1469 1975 Iustus
1489 1955 1523 1974 es
1542 1942 1694 1976 Domine
1711 1953 1783 1983 etc„
1802 1946 1926 1978 similis
1952 1954 2000 1979 est
2025 1948 2160 1979 conses—

1181 1993 1270 2025 sioui
1283 1992 1455 2026 Danielis:
1484 1991 1574 2025 Tibi
1590 1992 1750 2027 Donn'ne
1773 1995 1919 2029 iusticia
1933 2024 1941 2037 ,
1970 1995 2073 2029 nobis
2091 2009 2159 2029 (111-

1181 2048 1247 2075 tem
1277 2042 1444 2089 confusio
1462 2043 1584 2090 J'aciei
1609 2053 1667 2081 etc.
1712 2047 1890 2087 Significat
1915 2060 1985 2079 non
2012 2048 2162 2081 defuisse

1184 2106 1297 2126 veram
1317 2095 1418 2126 fidem
1438 2102 1466 2127 el
1489 2096 1760 2130 invocationem.
1816 2098 2058 2140 Adiungamus
2080 2110 2161 2141 ergo

1182 2142 1246 2176 lioc
1263 2145 1399 2187 insigne
1418 2146 1612 2189 exemplum
1624 2148 1664 2180 ad
1678 2145 1761 2180 baec
1778 2148 1885 2182 dicta:
1914 2147 2162 2181 Iluiniliamini

1182 2196 1246 2228 sub
1263 2196 1396 2238 potenti
1415 2208 1520 2229 {nanu
1538 2195 1612 2229 Dei.

1284 2262 1389 2295 ltem:
1428 2262 1518 2295 Vivo
1551 2276 1632 2304 ego,
1668 2262 1758 2296 Nolo
1790 2272 1936 2297 mortem
1964 2266 2163 2309 peccatoris,

1184 2313 1240 2345 sed
1262 2319 1299 2345 ut
1319 2320 1545 2346 convertatur
1563 2321 1593 2346 et
1620 2314 1724 2346 vivat.

1288 2379 1390 2411 ltem:
1421 2379 1544 2413 Gratia
1567 2381 1731 2412 exuberat
1751 2392 1853 2424 supra
1874 2382 2052 2416 delictum.

1289 2446 1388 2479 item:
1418 2445 1548 2479 Omnis
1582 2447 1641 2491 qui
1679 2447 1893 2482 invocaverit
1935 2462 2062 2482 nomen
2091 2449 2162 2484 Do-

1186 2498 1292 2537 mini,
1320 2499 1435 2530 salvus
1460 2498 1535 2530 erit.

1288 2563 1357 2596 Nee
1383 2576 1463 2595 vero
1488 2563 1597 2596 multo
1625 2571 1701 2606 post
1726 2571 1756 2596 et
1776 2562 1909 2596 l‘liocas
1932 2572 1961 2596 et
1981 2565 2031 2596 illi
2057 2566 2161 2598 scele-

1158 2624 1161 2678 }
1188 2615 1251 2647 rati
1270 2615 1439 2647 exercitus
1458 2614 1571 2657 puniti
1589 2621 1688 2654 suut,
1715 2622 1753 2648 ut
1780 2627 1856 2646 mox
1881 2615 2024 2647 dicetur.

1158 2682 1162 2702 ι

1528 2710 1609 2747 68*
