2324 2955
176 106 270 141 1023

175 189 342 223 Ticinum
358 188 482 225 diruit,
510 193 542 218 et
563 197 640 218 eum
657 184 807 219 Romam
831 197 1028 218 accessurus
1051 193 1148 226 esset,

176 240 272 272 missi
301 239 437 270 obviam
464 232 540 267 Leo
563 235 746 269 Romanus
769 234 981 279 Episcopus,
1011 242 1043 268 et
1070 248 1148 280 pars

178 290 325 322 Senatus
342 287 537 329 petiverunt
554 297 684 329 pacem,
712 292 744 318 ct
761 286 932 329 supplices
949 293 1148 328 oraverunt,

177 347 211 371 ut
232 342 384 380 parceret
408 336 489 367 urbi
513 334 664 375 Romae,
691 347 778 379 quae
801 341 853 368 tot
876 336 1080 368 excellentes
1096 336 1149 367 vi-

177 399 232 419 ros
255 386 339 418 olim
364 385 558 428 genuisset,
593 397 742 429 quorum
770 386 881 418 virtus
902 386 940 417 in
966 392 1038 418 toto
1065 386 1148 418 orbe

176 437 267 468 clara
296 436 349 468 sit.
410 434 580 467 Flectitur
606 441 741 477 praeter
764 436 921 468 omnium
945 435 1147 478 opinionem

178 486 304 525 Attila,
332 492 364 518 et
388 485 574 518 exereitum
600 485 634 516 in
652 484 872 517 Pannoniam
892 486 1038 519 reducit.
1090 486 1149 517 In-

177 541 369 577 terrogatus
387 546 542 575 causam,
570 547 630 567 cur
646 535 760 567 subito
778 535 936 567 oratione
954 535 1148 578 supplicum

177 592 292 617 motus
310 591 415 624 esset,
443 585 531 618 dixit
547 596 581 617 se
597 585 724 617 vidisse
742 597 857 617 senem
876 592 1043 618 astantem
1060 584 1150 617 Leo-

176 635 213 666 ni
232 634 394 668 Romano
410 632 601 678 Episcopo,
629 635 739 677 specie
756 647 859 678 supra
875 633 1065 667 humanam
1084 641 1151 667 ter—

177 685 270 717 ribili
308 685 528 717 minitantem
560 685 589 717 ei
626 692 792 725 mortem,
832 685 899 717 nisi
935 685 1150 728 supplicibus

176 741 342 778 parceret.
397 734 447 766 Ita
464 735 566 767 etiam
588 734 798 767 terribilium
826 741 1054 779 tyrannorum
1083 735 1149 766 im-

176 792 293 827 petum
311 795 411 827 saepe
429 783 522 816 Deus
539 784 679 826 frangit.
730 783 838 818 Redit
854 785 936 816 inde
954 785 989 816 in
1008 784 1150 817 Panno—

176 834 289 873 niam,
313 840 345 866 et
370 841 409 867 ut
436 841 559 866 natura
578 834 643 867 suit
663 834 836 878 inquieta,
863 835 1046 867 minitatur
1065 834 1150 866 vici-

176 884 231 915 nis
255 884 429 918 omnibus.
483 883 550 916 Sed
580 884 647 916 iam
672 884 784 916 fatalis
809 884 887 916 finis
906 884 1057 917 instabat
1074 891 1151 916 tan-

176 940 230 966 tae
245 933 424 968 saeviciae.
475 931 550 966 Etsi
575 933 701 966 multas
722 931 845 967 habuit
861 934 1024 976 coniuges
1041 933 1150 967 Attila

175 995 272 1015 more
289 983 415 1025 gentis:
443 990 558 1016 tamen
576 983 796 1015 iuvenculam
822 984 933 1023 ducit,
961 995 1065 1027 quam
1084 994 1149 1014 no-

175 1033 313 1065 minant
340 1032 500 1072 IIildico,
534 1033 641 1064 filiam
672 1033 759 1074 regis
791 1032 1077 1072 Bactrianorum,
1112 1032 1149 1063 in

174 1082 215 1114 iis
242 1082 375 1125 nuptiis
406 1094 482 1113 cum
510 1088 542 1114 et
572 1082 750 1113 laboribus
782 1082 1013 1114 certaminum
1045 1093 1150 1124 eque-

176 1132 316 1171 strium,
345 1138 375 1163 et
401 1131 482 1162 vino
507 1138 539 1164 et
558 1130 693 1162 Venere
713 1142 838 1173 corpus
861 1131 934 1163 cius
951 1131 1149 1162 inflamma-

176 1188 250 1214 tum
278 1188 381 1220 esset,
407 1187 509 1213 nocte
527 1180 697 1213 extinctus
725 1188 791 1218 est,
820 1181 988 1222 sanguiue
1008 1180 1148 1223 copioso

176 1232 213 1262 in
239 1232 352 1263 fauces
376 1231 573 1263 exundante
602 1237 633 1263 et
651 1243 690 1262 ex
710 1242 768 1262 ore
788 1237 1002 1274 erumpente.
1052 1230 1149 1262 Tan-

176 1287 248 1313 tum
281 1281 373 1312 enim
397 1277 453 1312 hic
477 1288 620 1313 eventus
641 1281 868 1321 describitur,
901 1287 933 1313 et
955 1277 1150 1323 epiphone-

174 1342 229 1362 ma
254 1331 408 1362 additur:
444 1329 578 1362 lustum
608 1330 713 1362 fuisse
739 1342 802 1362 suo
829 1331 997 1372 sanguine
1021 1330 1149 1367 necari,

175 1380 232 1423 qui
253 1387 323 1412 tam
341 1380 489 1412 multum
516 1377 662 1412 humani
681 1380 860 1422 sanguinis
884 1379 1062 1420 hauserat,
1089 1381 1147 1412 sed

175 1437 232 1462 aut
257 1442 362 1462 venae
386 1436 506 1473 ruptae
530 1437 628 1469 sunt,
663 1437 721 1463 aut
751 1431 931 1473 apoplexia
957 1430 1150 1470 antecessit,

175 1492 252 1512 cum
273 1492 338 1524 qua
355 1478 438 1512 baec
456 1480 577 1512 effusio
596 1480 775 1522 sanguinis
798 1481 898 1513 facile
916 1481 1069 1513 accidere
1085 1492 1148 1523 po-

174 1530 251 1564 tuit.
305 1528 373 1562 Nec
391 1537 524 1563 tantum
544 1531 651 1573 ipsius
670 1541 761 1562 mors
775 1531 969 1573 exemplum
988 1537 1037 1562 est
1055 1530 1147 1562 iudi-

174 1580 215 1610 cii
236 1579 358 1619 divini,
386 1582 443 1612 sed
462 1580 565 1612 etIam
584 1580 736 1613 filiorum
750 1579 911 1614 interitus
927 1587 1005 1625 post
1020 1580 1147 1623 ipsum,

174 1636 206 1661 et
224 1630 322 1672 regni
339 1630 531 1673 dissipatio.

274 1678 435 1712 Conferri
460 1677 670 1711 monarchae
693 1680 794 1712 aliter
817 1681 876 1711 alii
901 1687 1064 1721 possunt,
1088 1680 1147 1711 sed

176 1730 209 1760 in
234 1727 286 1760 bis
316 1729 428 1762 tribus
459 1726 542 1760 haec
573 1728 698 1760 similia
735 1736 831 1761 sunt:
867 1727 905 1759 ln
934 1727 1147 1764 Alexandro,

173 1777 282 1811 Attila
300 1785 332 1811 et
352 1778 582 1816 Tamerlane,
609 1779 702 1820 quod
723 1790 761 1809 ex
780 1778 931 1820 paternis
954 1778 1069 1819 regnis
1086 1789 1148 1809 an-

176 1828 282 1870 gustis
306 1827 497 1871 progressi,
530 1838 672 1869 magnos
695 1829 862 1860 exercitus
886 1829 1081 1867 duxerunt,
1115 1833 1146 1859 et

174 1889 297 1919 magna
312 1884 408 1920 parte
429 1877 523 1910 orbis
539 1883 709 1909 terrarum
730 1878 830 1919 potiti
849 1884 947 1915 sunt,
975 1889 1078 1922 quam
1096 1883 1146 1909 ta-

174 1939 253 1960 men
278 1939 349 1960 non
371 1927 433 1959 diu
458 1933 664 1960 tenuerunt:
700 1933 731 1959 et
757 1939 835 1959 cum
868 1934 981 1961 essent
1006 1927 1147 1968 mortui,

174 1989 279 2019 regna
304 1978 398 2010 varie
422 1977 606 2010 dilacerata
629 1983 726 2017 sunt,
753 1977 846 2010 iuxta
866 1978 1014 2011 dictum:
1050 1982 1146 2010 su‘m-

174 2028 309 2072 misque
341 2034 502 2070 negatum
534 2034 584 2061 est
610 2026 709 2060 Stare
747 2028 818 2060 diu.
873 2027 924 2060 Ac
958 2029 1147 2061 ostendunt

174 2075 257 2110 haec
276 2078 451 2120 exempla,
477 2089 549 2110 non
570 2077 652 2109 solis
678 2075 840 2110 humanis
865 2078 1021 2110 consiliis
1045 2085 1077 2110 et
1095 2078 1146 2109 vi-

176 2127 270 2160 ribus
284 2128 396 2171 parari
415 2134 447 2160 et
463 2128 572 2160 teneri
590 2127 751 2170 imperia:
780 2129 837 2160 sed
856 2140 970 2160 veram
988 2140 1058 2161 esse
1074 2127 1145 2161 Da-

175 2177 278 2209 nielis
298 2189 430 2210 vocem:
460 2176 553 2210 Deus
572 2179 732 2211 transfert
750 2184 783 2210 et
801 2179 933 2211 stabilit
949 2190 1064 2220 regna.

275 2226 326 2260 De
345 2227 446 2260 annis
466 2228 595 2260 Attilae
611 2228 828 2261 narrationes
852 2229 1037 2261 dissimiles
1054 2235 1147 2269 sunt,

176 2277 233 2308 sed
252 2277 294 2308 ab
313 2278 548 2320 expeditione,
576 2278 612 2310 in
630 2290 697 2322 qua
714 2279 748 2310 in
767 2276 993 2311 Germaniam
1011 2286 1043 2312 et
1060 2278 1147 2311 Gal—

176 2326 258 2357 liam
282 2328 398 2360 eduxit
423 2339 461 2360 ex
482 2328 664 2361 Pannonia
689 2329 877 2372 quingenta
902 2330 1012 2362 millia
1030 2327 1145 2362 homi-

177 2387 260 2408 num
291 2379 474 2420 usque*ad
507 2385 675 2416 mortem,
707 2379 849 2411 inienio
876 2391 987 2411 annos
1011 2380 1147 2412 circiter

176 2425 371 2459 duodecim.
415 2427 563 2471 Prosper
580 2429 671 2462 enini
691 2429 810 2461 scribit
832 2428 928 2463 Coss.
944 2427 1145 2462 Theodosio

177 2481 209 2508 et
235 2473 367 2507 Albino
390 2474 535 2509 Attilam
566 2479 745 2511 interfecto
776 2480 880 2512 fratre
903 2479 1003 2512 Buda
1033 2480 1145 2512 solum

176 2536 282 2567 regno
323 2525 493 2569 potitum,
542 2529 730 2561 multarum
764 2530 919 2569 gentium
958 2530 1144 2563 exercitum

175 2575 325 2608 duxisse.
377 2574 443 2608 Hic
472 2576 537 2608 suit
559 2589 670 2610 annus
690 2576 820 2612 Christi
846 2580 1145 2623 quadringentesi-

175 2636 251 2658 mus
277 2626 559 2670 quadragesimus
584 2628 758 2671 septimus.
812 2629 933 2673 Pugna
958 2632 1001 2663 ad
1034 2630 1143 2664 Tolo-

411 102 616 139 SCRIPTA
642 101 715 135 1³11.
742 99 859 135 MEL.
886 99 954 135 AD
982 95 1104 136 msT.
1132 99 1272 137 PROF.
1298 100 1361 134 ET
1390 98 1578 136 PIIILOS.
1606 100 1933 140 SPECTANTIAJ

2076 105 2170 140 1024

1201 198 1270 219 sam
1284 212 1292 225 ,
1320 185 1355 216 in
1373 197 1439 229 qua
1457 185 1568 219 victus
1583 193 1632 220 est
1651 187 1694 219 ab
1710 187 1821 225 Aetio,
1850 189 1936 221 sacta
1953 196 2002 223 est
2019 191 2171 223 secundo

1200 235 1370 268 Martiani
1386 247 1491 269 anno.
1544 235 1611 268 llic
1635 237 1701 270 suit
1723 248 1835 269 annus
1857 236 1987 271 Christi
2004 240 2173 283 quadrin-

1200 285 1409 328 gentesimus
1427 286 1735 329 quinquagesimus
1758 287 1913 331 quintus.
1966 287 2172 332 Consumpti

1201 342 1280 368 sunt
1302 335 1408 376 igitur
1431 336 1516 367 anni
1532 335 1668 368 circiter
1691 347 1747 368 sex
1766 337 1802 368 in
1819 338 2008 370 vastatione
2027 339 2174 371 (jerma-

1201 386 1278 416 niae
1303 391 1335 417 et
1359 384 1512 422 Galliae,
1541 397 1608 428 quo
1635 392 1790 428 tempore
1812 388 1912 419 multi
1929 388 2039 421 sancti
2058 388 2123 419 viri
2142 394 2175 420 et

1202 441 1378 467 matronae
1402 435 1525 476 passim
1543 435 1714 467 interfecti
1733 442 1824 469 sunt.
1876 436 2002 480 Captae
2021 444 2052 470 et
2076 438 2175 470 diru-

1201 492 1252 517 tae
1279 484 1482 527 praecipuae
1503 485 1625 524 urbes,
1653 484 1799 518 Colonia
1823 484 2036 529 Agrippina,
2072 487 2174 520 Tun-

1201 535 1290 576 gria,
1316 532 1609 576 Argentoratum,
1636 535 1719 567 urbs
1745 534 2004 577 Rauracorum,
2031 537 2173 579 Lugdu-

1202 597 1305 621 num,
1341 591 1373 616 et
1403 584 1490 616 aliae
1521 584 1669 617 multae:
1703 586 1759 617 sed
1797 586 1881 617 urbs
1909 583 2173 619 Aurelianensis

1203 635 1326 676 pietate
1350 632 1516 676 Episcopi
1539 632 1708 666 Anniani
1728 634 1936 668 mirabiliter
1958 637 2097 668 defensa
2116 643 2173 668 est.

1200 684 1288 717 Nam
1314 696 1391 716 cum
1416 681 1562 716 Attilam
1585 685 1711 716 frustra
1735 692 1892 727 precatus
1910 693 2013 726 esset,
2038 692 2077 719 ut
2095 686 2177 719 urbi

1202 740 1375 777 parceret,
1408 740 1527 775 postea
1551 734 1712 766 veniente
1738 734 1841 766 A'e'tio
1869 746 1968 768 saeva
1993 742 2176 778 tempestas

1202 784 1292 816 inter
1308 784 1549 827 praeliandum
1568 795 1727 825 magnam
1744 784 2005 817 multitudinem
2022 785 2176 818 Hunno-

1202 846 1277 865 rum
1318 833 1490 876 perdidit,
1541 834 1588 866 ita
1621 834 1764 878 reliquit
1798 834 2017 867 obsidionem
2052 834 2175 869 Attila.

1201 882 1336 916 Deinde
1362 891 1439 926 post
1471 894 1622 926 pugnam
1654 885 1696 916 ad
1722 883 1887 916 Tolosam
1921 885 2058 918 circiter
2089 897 2174 929 qua-

1202 933 1404 965 driennium
1420 933 1524 971 vixit,
1552 940 1711 966 mortuus
1734 941 1783 966 est
1808 934 1901 966 enim
1921 935 2058 968 vivente
2075 935 2175 967 Mar-

1201 982 1312 1021 tiano,
1345 983 1401 1014 cui
1423 983 1612 1015 dormienti
1635 995 1673 1016 ea
1699 990 1818 1024 nocte,
1852 996 1919 1028 qua
1942 992 2101 1018 mortuus
2127 991 2177 1018 est

1202 1030 1333 1069 Attila,
1359 1031 1488 1074 species
1516 1032 1551 1062 in
1575 1033 1711 1063 somnio
1733 1040 1868 1066 ostensa
1894 1041 1943 1067 est
1958 1035 2056 1067 fracti
2076 1045 2175 1067 arcus

1201 1078 1343 1114 Attilae.
1397 1079 1607 1124 Quanquam
1641 1081 1748 1122 igitur
1777 1094 1923 1124 regnum
1960 1085 2072 1117 tenuit
2101 1096 2175 1116 am-

1201 1129 1411 1172 plissimum:
1448 1135 1564 1162 tamen
1588 1131 1797 1164 vastationes
1821 1139 1954 1164 tantum
1980 1133 2078 1170 fecit,
2112 1145 2175 1165 nec

1201 1179 1380 1212 constituit
1403 1180 1551 1212 formam
1575 1181 1690 1223 regni,
1713 1193 1775 1213 nec
1792 1182 1856 1214 uni
1875 1193 1914 1214 ex
1930 1182 2010 1214 filiis
2032 1195 2175 1215 monar-

1201 1227 1314 1261 chiam
1331 1229 1484 1269 tradidit,
1508 1241 1570 1263 nec
1588 1230 1785 1274 provincias
1800 1231 1848 1263 eis
1866 1232 2057 1267 distribuit.
2093 1232 2175 1266 Fuit

1201 1279 1308 1320 igitur
1337 1286 1527 1324 tyrannus,
1560 1287 1591 1313 et
1623 1291 1743 1313 cursus
1772 1281 1845 1313 eius
1868 1280 2029 1324 Europae
2062 1283 2176 1315 fatalis

1201 1341 1312 1372 poena
1333 1330 1416 1369 suit,
1449 1336 1481 1362 et
1501 1331 1543 1362 de
1561 1330 1641 1362 filiis
1668 1331 1791 1363 accidit
1811 1333 1903 1374 quod
1921 1332 2087 1375 scriptum
2107 1339 2174 1365 est:

1200 1380 1326 1411 Semen
1350 1380 1539 1423 impiorum
1564 1381 1703 1423 peribit.
1756 1379 1894 1414 Rursus
1918 1382 2063 1414 enimin
2081 1381 2176 1414 Pan-

1201 1430 1306 1461 nonia
1333 1428 1431 1462 Goni
1466 1441 1610 1471 regnum
1640 1438 1900 1473 recuperarunt,
1959 1430 2048 1465 Cum
2082 1432 2174 1465 enim

1200 1480 1262 1510 filii
1284 1477 1415 1512 Attilae
1436 1480 1528 1512 inter
1551 1492 1585 1513 se
1611 1481 1652 1512 de
1679 1481 1894 1514 successione
1912 1481 2048 1514 circiter
2064 1483 2173 1515 trien-

1200 1529 1297 1562 nium
1321 1530 1549 1570 dissiderent,
1576 1542 1634 1562 rex
1653 1529 1868 1573 Gepidarum
1886 1532 2076 1564 Ardericus
2099 1533 2173 1564 bel-

1200 1580 1271 1612 lum
1290 1580 1398 1612 movit
1414 1581 1578 1612 adversus
1596 1579 1765 1618 Πυυηοε,
1793 1588 1825 1613 et
1844 1582 2024 1614 trucidatis
2049 1582 2175 1623 trigin-

1199 1636 1231 1662 ta
1248 1629 1405 1661 millibus
1418 1629 1645 1669 Hunnorum,
1673 1636 1704 1662 et
1719 1629 1790 1661 lilio
1802 1630 1930 1662 Attilae
1947 1629 2046 1663 Ellac
2063 1631 2173 1663 maxi-

1198 1691 1254 1708 mo
1274 1685 1377 1715 natu,
1404 1680 1534 1719 potitus
1555 1685 1656 1712 estet
1682 1690 1787 1720 regno
1803 1677 2020 1713 Pannoniae.
2075 1679 2175 1713 Alter

1199 1732 1313 1758 autem
1332 1726 1437 1757 srater
1451 1724 1571 1758 Chalia
1589 1739 1666 1759 cum
1687 1734 1781 1769 parte
1795 1726 2010 1761 Hunnorum
2026 1730 2062 1762 in
2080 1737 2174 1764 vete-

1198 1787 1270 1808 rem
1287 1776 1434 1818 patriam
1453 1776 1617 1810 discessit.
1669 1775 1755 1809 Pars
1779 1777 1815 1808 in
1834 1776 2017 1811 Pannonia
2035 1780 2174 1818 mansit,

1199 1826 1262 1858 etsi
1285 1836 1429 1867 regnum
1456 1825 1555 1858 Gotti
1580 1832 1769 1859 tenuerunt
1801 1828 1903 1859 annis
1929 1829 2067 1862 circiter
2092 1841 2174 1862 cen-

1198 1882 1292 1916 tum,
1323 1876 1433 1908 donec
1456 1874 1580 1909 Hunni
1604 1882 1636 1908 et
1661 1874 1792 1909 Avares
1813 1875 1999 1911 Iustiniani
2022 1879 2174 1923 impera-

1198 1926 1284 1958 toris
1306 1933 1478 1969 tempore,
1511 1933 1594 1959 tunc
1617 1926 1718 1959 effusi
1741 1933 1823 1960 sunt
1847 1928 1884 1960 in
1909 1940 1946 1961 ea
1964 1929 2057 1969 loca,
2085 1941 2174 1974 quae

1198 1988 1292 2008 nunc
1317 1975 1461 2019 Bulgari
1489 1983 1522 2010 et
1550 1974 1719 2009 WValachi
1744 1983 1881 2019 tenent,
1907 1984 1939 2011 et
1959 1978 1996 2012 in
2019 1979 2171 2013 vicinam

1198 2025 1431 2060 Pannoniam.

1300 2076 1427 2109 Varlae
1443 2077 1652 2111 mutationes
1673 2078 1710 2110 in
1728 2078 1891 2112 omnibus
1907 2079 2022 2123 regnis
2037 2081 2172 2114 accide-

1199 2133 1299 2164 runt,
1326 2134 1365 2161 ut
1388 2134 1469 2160 sunt
1493 2139 1546 2160 res
1568 2126 1740 2162 humanae
1766 2129 1956 2165 instabiles.
2008 2128 2054 2164 Et
2078 2129 2171 2164 Deus

1199 2177 1355 2210 omnium
1379 2178 1533 2220 gentium
1568 2185 1702 2220 peccata
1729 2179 1981 2212 mutationibus
2006 2180 2170 2223 imperio-

1199 2240 1276 2260 rum
1295 2235 1327 2261 et
1342 2228 1594 2261 vastationibus
1612 2229 1723 2271 punit.
1775 2229 1843 2262 Sed
1861 2236 2003 2273 propter
2017 2230 2170 2272 regionis

1199 2278 1409 2311 fertilitatem
1435 2284 1467 2310 et
1492 2279 1788 2321 opportunitatem
1814 2280 1997 2323 praecipue
2021 2279 2057 2311 in
2077 2279 2169 2312 Pan-

1200 2328 1342 2361 noniam
1377 2339 1476 2370 saepe
1510 2329 1645 2361 infusae
1688 2336 1768 2363 sunt
1801 2329 2002 2373 peregrinae
2040 2336 2170 2372 gentes.

1198 2376 1275 2411 Iloc
1291 2379 1398 2420 igitur
1422 2378 1497 2411 loco
1522 2379 1607 2412 sacta
1629 2379 1756 2422 insigni
1772 2379 1964 2412 mutatione
1981 2387 2058 2423 post
2075 2380 2168 2414 Atti-

1198 2430 1266 2461 lam
1290 2428 1422 2473 aliquid
1443 2430 1484 2461 de
1504 2429 1678 2463 veteribus
1700 2428 1992 2473 appellationibus
2015 2429 2168 2465 inserere

1199 2479 1306 2514 volui.
1358 2478 1586 2512 Notissimum
1606 2486 1655 2513 est
1672 2479 1878 2512 vocabulum
1897 2476 2048 2520 Cethim,
2072 2481 2167 2513 unde

1199 2541 1327 2562 nomen
1358 2536 1405 2562 est
1436 2528 1609 2573 immerge,
1650 2529 1684 2561 id
1716 2535 1782 2566 est,
1818 2528 1984 2569 Macedo,
2018 2536 2050 2563 et
2078 2530 2167 2563 liber

1198 2579 1486 2612 Maccahaeorum
1510 2580 1557 2612 ait
1580 2579 1816 2613 Alexandrum
1838 2591 2011 2622 egressum
2036 2591 2107 2612 esse
2126 2592 2164 2613 ex

1199 2636 1286 2664 terra
1305 2627 1454 2665 Cethim.
1507 2628 1690 2673 Hodieque
1712 2629 1840 2663 ssuvius
1860 2630 2028 2663 dirimens
2046 2629 2166 2663 Mace·
