2324 2955
0 2705 6 2728 11

155 142 251 178 1077
716 142 742 176 Ι.

153 226 396 261 testimonium
422 227 538 267 dedit,
567 226 831 261 dissentientem
859 229 902 262 ab
927 227 1133 270 Evangelio,

153 289 271 311 veram
291 288 374 310 esse,

255 327 484 361 Manifestum
510 333 559 360 est
585 335 699 361 autem
720 326 917 362 Mahometi
935 328 1132 362 doctrinam

151 377 230 421 plus
247 377 449 423 quingentis
467 378 569 410 annis
586 380 814 422 posteriorem
839 391 911 413 esse
933 380 1134 424 apostolica,

151 434 183 461 et
214 429 258 462 ab
281 428 472 472 apostolica
489 428 688 463 dissentire.

250 478 332 511 Non
355 485 405 511 est
424 479 532 521 igitur
551 491 643 513 vera.

249 527 343 562 Huic
361 530 582 572 Argumento
609 537 639 564 et
662 528 728 564 hoc
744 532 911 564 addatur:

201 578 422 624 Impossibile
452 586 500 613 est
525 592 595 614 esse
620 579 812 615 Ecclesiam
835 581 899 615 Dei
927 588 1064 615 coetum
1093 593 1131 613 ex

176 630 330 674 professo
358 630 573 664 reiicientem
598 632 727 677 scripta
752 630 955 677 prophetica
990 639 1023 665 et
1047 644 1131 675 apo—

173 681 304 715 stolica.

252 729 525 765 Mahometistae
548 745 587 765 ex
621 734 777 777 professo
809 733 974 767 reiiciunt
1004 732 1128 776 scripta

149 779 354 827 prophetica
390 789 423 816 et
445 783 649 827 apostolica.

250 833 331 866 Non
349 833 458 876 igitur
481 841 564 867 sunt
580 832 737 868 Ecclesia
754 834 830 870 Dei.

250 882 351 917 Hanc
371 885 672 918 confirmationem
691 893 763 919 toto
780 892 919 928 pectore
937 890 1128 917 teneamus,

147 941 181 968 et
197 934 354 979 primum
374 935 478 968 nobis
496 937 812 978 praemonitionem
822 934 981 969 Danielis
1000 946 1128 977 propo-

147 996 291 1025 namus,
327 986 389 1030 qui
405 986 468 1018 ait:
503 985 580 1018 Hoc
604 998 714 1019 cornu
739 993 928 1019 venturum
958 984 1125 1016 inclinata

144 1033 374 1077 monarchia,
411 1036 590 1078 potentius
603 1036 744 1068 caeteris
763 1034 897 1077 regnis,
925 1032 1126 1066 habitururn

145 1085 284 1125 oculos,
311 1090 344 1116 et
364 1095 560 1116 sermonem
578 1085 850 1129 grandiloquum
863 1112 872 1125 ‚
900 1091 933 1118 et
950 1095 1127 1117 sermones

145 1141 267 1169 contra
296 1146 417 1167 verum
443 1133 557 1166 Deum
583 1135 785 1168 locuturum
812 1147 902 1176 esse,
937 1142 969 1168 et
993 1135 1124 1167 bellum

145 1192 324 1229 gesturum
341 1191 461 1218 contra
477 1184 635 1225 sanctos,
653 1192 687 1219 et
703 1183 905 1220 habiturum
925 1185 1098 1218 victorias.

249 1234 344 1268 Haec
367 1235 488 1268 omnia
513 1243 714 1279 congruunt
738 1237 780 1270 ad
800 1236 1046 1270 Saracenicum
1070 1247 1124 1268 re-

144 1289 273 1331 gnum,
304 1287 400 1331 quod
425 1292 542 1319 ortum
567 1293 616 1320 est
641 1287 743 1320 initio
774 1287 887 1321 tribus
916 1287 1082 1321 cornibus
1106 1298 1123 1318 a

143 1337 309 1373 Romana
341 1334 546 1370 monarchia
579 1338 709 1371 avulsis
736 1337 856 1384 Syria,
896 1338 1055 1383 Aegypto
1092 1344 1123 1369 et

145 1388 278 1423 Africa.
331 1385 439 1421 Oculi
465 1399 546 1420 vero
571 1388 768 1431 significant
796 1389 905 1432 legem
929 1395 1040 1422 astute
1064 1400 1124 1419 co-

143 1440 308 1483 gitatam,
335 1445 368 1472 et
384 1449 422 1471 os
437 1438 586 1483 loquens
603 1446 723 1473 contra
745 1452 867 1473 verum
885 1439 998 1473 Deum
1016 1438 1123 1481 signi-

143 1490 221 1523 ficat
241 1486 476 1533 blasphemias
494 1496 614 1522 contra
636 1490 748 1523 filium
762 1490 839 1526 Dei.

246 1539 322 1573 Hac
339 1540 582 1584 praedictione
598 1541 759 1575 Danielis
777 1540 1044 1574 commonefacti
1060 1552 1123 1582 po-

143 1597 214 1625 stea
233 1591 432 1630 videamus,
458 1591 519 1623 ubi
537 1597 570 1624 et
587 1592 764 1636 quomodo
790 1590 970 1625 dissentiat
991 1588 1123 1623 Maho-

796 139 1088 177 CHRONICON
1113 141 1356 178 cAfflOle.

1410 142 1535 178 PARS
1566 143 1610 179 ll.
2075 147 2168 182 1078

1161 237 1166 278 1
1291 227 1394 261 Item:
1423 227 1494 270 Qui
1522 241 1591 261 non
1614 230 1723 263 credit
1749 230 1841 268 filio,
1869 242 1940 264 non
1962 231 2092 264 videbit
2114 234 2165 264 xi-

1190 285 1276 320 tam,
1302 280 1360 311 sed
1377 279 1426 311 ira
1445 278 1509 311 Dei
1528 287 1644 313 manet
1669 293 1773 324 super
1794 293 1884 314 eum.

1294 327 1557 364 1.Corinth.5.:
1578 331 1864 365 Fundamentum
1880 332 1976 364 aliud
1991 331 2072 375 poni
2092 343 2164 364 non

1190 386 1301 422 potest
1318 387 1453 423 praeter
1471 381 1504 413 id
1522 382 1615 426 quod
1636 382 1787 425 positum
1805 389 1866 423 est,
1884 383 1979 427 quod
1993 377 2163 415 051671νί-

1188 435 1264 463 slus
1291 428 1408 463 Iesus.

1299 479 1364 513 His
1390 481 1581 524 perspicuis
1606 489 1634 513 et
1662 482 1769 514 firmis
1797 483 2006 516 testimoniis
2033 484 2159 516 muniti

1187 542 1387 563 execremur
1410 529 1675 570 Maliometnm,
1715 533 1772 576 qni
1809 533 1962 576 primum
1995 541 2097 577 negat
2124 535 2160 566 in

1186 579 1327 614 Christo
1347 593 1417 614 esse
1435 583 1520 613 duas
1538 588 1690 621 natm-as,
1706 589 1805 624 negat
1826 580 1907 616 haec
1921 584 2029 617 dicta:
2051 584 2159 617 Mun-

1186 633 1250 664 dus
1267 644 1328 674 per
1345 631 1458 674 ipsum
1476 632 1585 664 sactus
1603 640 1667 664 est:
1692 631 1890 677 Antequam
1902 632 2078 666 Abraham
2096 647 2159 667 na—

1186 688 1240 714 tus
1257 688 1327 721 est,
1354 693 1415 724 ego
1435 694 1523 714 sum.
1563 680 1698 715 Deinde
1714 683 1756 715 de
1773 684 1885 716 causis
1903 684 2078 717 missionis
2096 697 2158 718 au-

1185 732 1366 765 dacissime
1392 738 1493 774 negat
1517 729 1698 766 Christum
1724 733 1869 766 missum
1897 746 1986 774 esse,
2022 743 2059 768 ut
2085 736 2158 768 eius

1184 794 1277 815 mors
1295 783 1338 816 sit
1355 783 1509 826 precium
1536 795 1600 826 pro
1623 784 1771 827 peccatis
1789 784 1936 824 nostris,
1963 792 2000 818 nt
2017 793 2158 829 propter

1184 845 1262 865 eum
1288 835 1416 866 dentur
1441 834 1597 866 remissio
1624 841 1861 877 peccatorum,
1893 835 2075 879 imputatio
2101 837 2157 869 iu-

1183 884 1312 920 sticiae,
1329 883 1482 926 Spiritus
1499 892 1649 922 sanctus,
1675 891 1706 918 et
1726 882 1920 919 haereditas
1939 886 2028 919 vitae
2045 893 2156 919 aeter-

1183 946 1259 968 nae.
1312 933 1422 976 Negat
1438 946 1500 977 per
1515 946 1593 966 eum
1615 942 1646 968 et
1666 943 1807 978 propter
1823 948 1901 969 eum
1918 935 1993 969 fieri
2010 937 2156 970 resusci-

1183 984 1349 1016 tationem
1369 990 1598 1017 mortuorum.
1628 983 1735 1027 Negat
1753 983 1842 1018 hanc
1860 998 1978 1019 vocem
1995 985 2154 1031 Prophe-

1183 1040 1295 1066 tarum
1321 1040 1352 1066 et
1369 1032 1636 1077 Apostolorum:
1664 1033 1775 1068 Ponet
1803 1037 1957 1069 animam
1976 1049 2071 1070 suain
2089 1036 2155 1070 ho-

1181 1084 1281 1117 stiam
1308 1096 1368 1126 pro
1389 1091 1546 1127 peccato,
1578 1083 1728 1127 Sanguis
1751 1084 1882 1119 Christi
1908 1088 2066 1130 purificat
2092 1100 2154 1121 nos

1181 1135 1224 1167 ab
1242 1134 1338 1167 omni
1367 1142 1522 1177 peccato,
1559 1134 1793 1168 lustiticamur
1816 1137 1882 1170 fide
1899 1138 2006 1179 gratis
2023 1150 2084 1182 per
2101 1150 2156 1170 re-

1180 1185 1437 1228 demptionem,
1460 1197 1548 1229 quae
1565 1193 1614 1219 est
1631 1186 1667 1218 in
1686 1184 1827 1219 Christo
1849 1186 1924 1220 Iesu
1937 1215 1945 1228 ,
1973 1200 2075 1232 quem
2093 1201 2155 1232 po-

1179 1236 1248 1268 suit
1267 1248 1329 1279 pro
1349 1236 1452 1268 nobis
1470 1236 1752 1279 propiciatorem.
1780 1236 1934 1270 Tantum
1953 1239 2035 1271 dicit
2053 1237 2156 1273 Chri-

1179 1293 1270 1320 stum
1296 1286 1402 1318 fuisse
1425 1287 1680 1329 legislatorem,
1708 1293 1741 1320 et
1763 1288 1904 1332 quidem
1930 1289 2097 1322 inermem
2123 1298 2155 1323 et

1154 912 1158 943 1

1150 1320 1154 1369 i
1179 1337 1340 1370 inutilem
1364 1337 1531 1380 imperiis.

1279 1387 1368 1420 Cum
1396 1387 1502 1430 igitur
1523 1386 1748 1422 Mahometus
1776 1390 1957 1424 manifeste
1990 1388 2154 1434 blasphe-

1177 1450 1254 1471 mus
1280 1438 1343 1478 sit,
1378 1439 1576 1471 doctrinam
1607 1440 1650 1471 de
1681 1451 1828 1482 persona
1853 1438 2002 1478 Christi,
2046 1448 2077 1475 et
2111 1443 2153 1474 de

1176 1489 1300 1522 officiis
1318 1500 1562 1532 corrumpens,
1585 1495 1618 1522 et
1637 1490 1750 1532 palam
1766 1492 1980 1525 contradicat
1997 1489 2155 1536 Prophe-

1179 1540 1222 1573 tis
1246 1546 1278 1573 et
1306 1538 1501 1583 Apostolis‚
1542 1540 1789 1573 confirmemus
1812 1553 1876 1574 nos
1901 1542 2030 1585 regulis
2051 1554 2154 1585 snpra

1178 1590 1329 1623 recitatis
1357 1602 1395 1622 ex
1415 1589 1599 1633 Prophetis
1623 1598 1653 1623 et
1672 1589 1866 1635 Apostolis:
1892 1592 1963 1634 Qui
1988 1604 2058 1625 non
2078 1604 2153 1625 ma-

143 1641 229 1675 meti
246 1641 405 1674 doctrina
426 1653 446 1673 a
463 1641 601 1684 scriptis
628 1640 839 1685 propheticis
856 1649 886 1674 et
911 1641 1124 1684 apostolicis,
1148 1647 1152 1685 ᾗ
1178 1648 1238 1675 net
1258 1641 1293 1673 in
1313 1641 1472 1674 doctrina
1491 1638 1641 1681 Christi,
1664 1640 1775 1674 Deum
1793 1654 1865 1674 non
1886 1640 2001 1677 habet.

144 1703 212 1737 qua
236 1691 273 1723 in
297 1691 580 1724 consideratione
604 1704 742 1726 necesse
762 1700 810 1726 est
835 1692 986 1725 discerni
1012 1692 1120 1733 legem

145 1749 177 1776 et
194 1739 446 1784 Evangelium.
475 1747 508 1774 et
534 1753 635 1774 usum
662 1743 763 1781 legis,
799 1744 860 1783 qui
887 1743 1051 1780 proprius
1074 1744 1122 1769 051

144 1791 334 1825 ministerii
353 1790 546 1827 Ecclesiae,
572 1793 605 1820 et
628 1799 728 1820 usum
749 1789 944 1832 politicum.
999 1787 1122 1829 Quan-

143 1851 249 1887 quam
275 1838 368 1872 enim
395 1837 536 1880 politica
563 1838 733 1882 quaedam
760 1839 797 1871 in
824 1839 897 1881 lege
924 1835 1121 1870 Mahometi

142 1889 345 1937 plausibilia
364 1894 458 1928 sunt,
487 1888 577 1921 sicut
589 1887 714 1921 Daniel
729 1889 789 1930 ait,
817 1888 894 1922 Hoc
912 1900 1020 1920 cornu
1039 1900 1122 1921 ocu-

142 1942 196 1976 los
223 1938 368 1974 habere:
406 1945 521 1971 tamen
547 1939 697 1971 sciamus
721 1945 828 1972 totam
860 1940 968 1981 legem
994 1936 1122 1971 Malio-

141 1991 225 2026 meti
243 1997 380 2025 tantum
401 2001 473 2022 esse
497 1989 675 2033 politicam
701 1990 869 2030 sormam,
898 2000 990 2034 pene
1014 1989 1123 2022 Laco-

141 2043 270 2076 nicam.
302 2040 436 2075 Interea
457 2052 539 2072 vero
557 2039 666 2072 deleri
682 2052 700 2072 a
718 2038 924 2074 Mahometo
944 2040 1120 2083 propriam

140 2091 327 2135 Evangelii
345 2102 464 2124 vocem
484 2091 527 2122 de
545 2090 616 2123 filio
633 2089 718 2130 Dei,
742 2102 855 2135 neque.
874 2091 952 2136 quis
969 2090 1032 2130 sit,
1060 2102 1118 2122 ne-

142 2155 210 2189 que
228 2154 290 2176 cnr
305 2142 430 2174 missus
447 2141 508 2181 sit,
536 2147 628 2174 recte
645 2141 739 2174 dicit.
777 2139 852 2175 Hae
879 2143 986 2184 igitur
1002 2140 1117 2184 Regu-

140 2194 195 2228 lae
212 2192 410 2226 firmissime
427 2198 612 2225 teneantur
628 2205 633 2224 :

243 2242 316 2286 Qui
341 2254 412 2275 11011
435 2240 587 2276 honorat
609 2242 742 2281 filium,
784 2255 855 2276 non
885 2240 1035 2276 honorat
1061 2254 1122 2286 pa-

141 2302 241 2330 trem.

240 2343 337 2377 Haec
355 2350 404 2377 est
422 2343 491 2379 vita
509 2350 661 2383 aeterna,
688 2351 727 2378 ut
744 2352 932 2387 agnoscant
950 2350 982 2377 te
999 2356 1119 2376 verum

140 2395 255 2431 Deum
269 2422 278 2435 ‚
304 2401 335 2428 et
354 2406 456 2440 quem
474 2394 598 2428 misisti
620 2394 732 2427 Iesum
750 2407 821 2428 esse
840 2391 1043 2429 Chr-islam.

249 2446 281 2481 1,
309 2442 432 2480 Iohan.
454 2448 506 2481 2.;
544 2443 675 2479 Omnis
700 2458 828 2489 negans
862 2447 972 2478 lilium
1008 2457 1120 2489 neque.

140 2504 273 2543 patrem
293 2493 408 2528 habet.

244 2544 368 2580 Iohan.
397 2544 473 2579 14.;
500 2544 612 2578 Νο1110
638 2546 733 2578 venit
758 2547 800 2579 ad
818 2553 950 2590 patrem
971 2546 1038 2579 nisi
1059 2558 1120 2590 per

141 2598 266 2632 filium.

245 2645 371 2682 lohan.
388 2646 439 2680 3.;
470 2644 542 2688 Qui
560 2658 632 2679 non
650 2647 759 2680 credit
779 2647 844 2680 iarn
865 2647 1038 2681 iudicatus
1057 2654 1117 2687 est,

139 2699 221 2745 quia
239 2710 311 2732 non
328 2698 439 2732 credit
454 2697 490 2729 in
510 2696 730 2740 unigentium
748 2699 858 2732 filium
876 2698 951 2732 Dei.

1148 1619 1152 1646 1

1149 1687 1153 1764 ὲ
1279 1690 1374 1723 Haec
1399 1691 1589 1733 cogitantes
1614 1691 1716 1724 etiam
1750 1693 1906 1737 quotidie
1931 1694 2154 1736 seiungamus

1179 1742 1435 1770 invocationem
1461 1747 1618 1773 nostram
1646 1755 1662 1774 a
1682 1742 1832 1775 colluvie
1850 1741 2097 1778 Mahometica.
2121 1751 2153 1776 et

1149 1789 1152 1848 .
1177 1786 1251 1821 Deo
1269 1789 1395 1831 gratias
1419 1799 1581 1830 agamus,
1604 1790 1697 1833 quod
1727 1802 1790 1823 nos
1807 1789 1981 1825 Ecclesiae
1999 1805 2080 1826 suae
2098 1794 2154 1826 in-

1177 1838 1296 1871 seruit.
1353 1838 1566 1883 Quanquam
1601 1840 1694 1872 enim
1728 1840 1850 1884 ingens
1882 1843 2073 1876 multitudo
2092 1851 2155 1877 est

1177 1895 1209 1921 et
1232 1889 1386 1932 potentia
1407 1889 1564 1931 gentium
1588 1889 1624 1922 in
1648 1891 1795 1924 maxima
1820 1900 1916 1935 parte
1933 1895 2068 1935 generis
2088 1892 2153 1927 hn-

1178 1939 1282 1979 mani,
1309 1951 1397 1984 quae
1414 1937 1608 1972 Mahometi
1627 1939 1861 1984 blasphemias
1880 1944 2152 1986 amplectuntur:

1176 1996 1291 2022 tamen
1308 1990 1505 2022 firmissime
1521 1996 1723 2029 statuamus,
1752 1992 1967 2037 impossibile
1983 2006 2072 2032 esse,
2101 2002 2154 2028 ta-

1176 2041 1225 2072 les
1245 2051 1316 2073 esse
1332 2038 1524 2073 Ecclesiam
1544 2041 1630 2081 Dei,
1657 2042 1716 2086 qni
1744 2055 1782 2075 ex
1809 2044 1962 2087 professo
1990 2045 2153 2078 reiiciunt

1175 2090 1303 2134 scripta
1330 2088 1532 2134 prophetica
1556 2098 1588 2125 et
1612 2094 1823 2137 apostolica,
1850 2102 1880 2126 et
1906 2103 2031 2137 negant
2051 2094 2154 2129 (shri-

1176 2147 1266 2174 stum
1286 2154 1358 2174 esse
1377 2143 1642 2185 redemptorem.
1695 2142 1832 2176 Deinde
1859 2145 1994 2187 fingunt
2020 2158 2055 2178 se
2081 2146 2151 2178 suis

1176 2192 1404 2237 eleemosynis
1424 2200 1455 2226 et
1472 2193 1591 2225 labore
1608 2193 1754 2226 militiae.
1772 2196 1896 2228 mereri
1913 2196 2152 2229 remissionem

1177 2249 1396 2285 peccatorum
1413 2250 1444 2276 et
1461 2243 1568 2276 vitam
1593 2251 1782 2278 aeternam.

1278 2292 1371 2325 Ilaec
1386 2294 1550 2326 refutatio
1570 2291 1764 2328 Mahometi
1783 2303 1917 2339 sumpta
1937 2308 1976 2329 ex
1994 2294 2153 2340 Evange—

1177 2343 1224 2375 lio
1241 2352 1289 2375 est
1310 2344 1465 2378 illustris,
1518 2343 1591 2376 Alii
1610 2344 1731 2386 legalia
1750 2347 1917 2390 quaedam
1936 2354 2065 2385 taxant,
2094 2349 2151 2380 sed

1147 2429 1150 2437 Ι
1176 2394 1302 2426 deletio
1321 2392 1504 2435 Evangelii
1523 2401 1570 2427 est
1588 2394 1691 2437 longe
1716 2396 1826 2429 mains
1853 2397 1974 2430 scelus.
2029 2396 2152 2431 Postea

1175 2451 1206 2477 et
1224 2445 1345 2487 legalia
1363 2445 1588 2488 aspiciantur.

1277 2494 1424 2538 Semper
1455 2495 1678 2527 confusiones
1714 2495 1902 2529 liliidinnm
1939 2506 2016 2530 sunt
2054 2499 2150 2541 signa

1177 2545 1373 2588 impietatis.
1429 2543 1651 2578 Mahomvtus
1679 2546 1789 2589 reipsa
1820 2548 1909 2581 delet
1936 2549 2150 2589 coniugium,

1174 2597 1367 2628 concedens
1385 2597 1534 2628 divortia
1556 2608 1617 2639 pro
1637 2597 1804 2641 cuiusque
1824 2598 1986 2633 arbitrio,
2016 2598 2148 2631 etiamsi

1173 2647 1290 2679 nullae
1309 2648 1507 2690 probabiles
1524 2658 1645 2679 causae
1663 2647 1743 2681 sint.
1770 2648 1856 2680 Nam
1874 2650 1998 2680 ducere
2012 2656 2040 2681 et
2060 2649 2148 2680 :mii-

1172 2708 1248 2730 cerc
1267 2710 1345 2730 cum
1366 2698 1468 2736 libet,
1498 2698 1609 2741 reipsa
1629 2704 1677 2731 est
1696 2698 1848 2741 vulgaris
1864 2698 2038 2733 scortatio.
2067 2699 2147 2732 Dis-

1148 1770 1152 1785 1
