2324 2955
82 133 157 169 29⁷

80 214 245 251 Cornelio
275 212 398 246 Tacito
429 212 578 254 intelligi
615 218 739 255 potest.
800 210 864 246 Est
893 218 1005 245 autem
1034 217 1067 243 et

80 266 227 300 Suevica
251 275 352 306 gens,
380 270 418 297 ut
441 261 507 296 Dai
530 270 562 296 et
578 261 702 303 Sacae,
729 263 858 308 quibus
872 263 974 295 unica
989 261 1067 301 fuit,

80 328 119 350 ex
142 315 225 349 Asia
247 316 290 347 ad
318 312 383 347 boc
408 314 506 347 littus
532 313 700 357 paulatim
725 325 915 358 progressa.
972 312 1065 345 Fue—

80 373 164 400 runt
181 366 274 398 enim
293 365 330 397 in
348 363 432 397 Asia
450 362 574 409 Syevi‚
602 365 696 397 unde
712 372 793 397 sunt
811 364 936 404 Suedi,
961 363 1066 397 Suio-

79 429 140 450 nes
164 423 195 450 et
221 415 340 450 Suevi.
406 413 574 448 Permixti
607 412 663 449 his
694 422 727 448 et
749 414 877 448 Heneti
913 415 1066 453 fuerunt,

78 468 139 513 qui
157 477 318 509 magnam
342 477 440 498 oram
465 466 501 497 in
526 478 566 498 eo
585 466 702 499 littore
725 466 1007 508 compleverunt,
1034 471 1066 497 et

1092 511 1093 528 ³
1120 519 1173 546 ret
1191 519 1223 546 et
1240 514 1420 546 veritatem
1445 522 1645 558 quaereret,
1671 527 1744 549 non
1769 516 1836 548 suit
1853 516 1953 548 labor
1971 515 2104 549 irritus.

179 583 317 617 Horum
335 594 413 628 pars
428 582 544 617 Sidini
561 583 722 623 suerum,
749 596 766 616 a
787 584 916 629 quibus
936 582 1065 616 stetini
1092 580 1093 607 3
1120 562 1273 606 Fugiens
1290 564 1349 597 illa
1369 572 1453 597 tetra
1465 566 1658 608 spectacula
1669 565 1902 598 invocationis
1917 563 2103 598 hominum

562 632 642 666 hon
666 635 788 678 procul
813 647 830 667 d
848 633 984 667 Stetmo
1002 645 1046 676 Op
1120 664 1313 698 Dominum
1340 664 1452 698 Deum
1479 672 1579 699 tuum
1604 666 1785 705 adorabis,
1822 673 1854 699 et
1872 666 1924 697 illi
1948 665 2013 697 soli
2036 676 2106 697 ser-

77 515 192 551 adhuc
213 522 346 551 tenent.

77 635 264 680 appellatio
291 634 425 679 reliqua
450 640 510 668 est.

77 687 200 730 pidum
218 692 266 718 est
293 684 467 724 1ulinum,
489 683 551 716 ubi
571 684 691 718 influit
713 684 863 718 viadrus
887 685 924 716 in
941 684 1066 724 lacum,

77 736 138 781 qui
163 735 358 769 effunditur
382 734 419 767 in
447 732 653 777 Oceanum,
693 743 726 770 et
752 744 874 781 portius
897 741 947 768 est
971 747 1066 767 com-
1091 751 1093 777 ᾗ

76 786 315 820 modissimus.

179 844 298 887 Quare
315 845 364 878 ¹b¹
381 851 524 889 Propter
535 851 725 878 mercatum
743 846 849 878 fu¹⁵⁵e
865 845 949 877 Ohm
966 851 1066 877 amnt
1091 874 1093 890 ’ν’
1120 867 1167 901 Ut
1184 868 1290 910 igitur
1315 875 1346 901 et
1363 869 1540 901 auditores
1557 870 1598 902 ad
1624 882 1741 902 veram
1760 869 1922 913 pietatem
1943 868 2107 906 flecteret,

76 895 229 940 amplam
247 896 381 936 urhem'
409 894 545 940 quami
560 902 694 928 ‘metam
713 896 918 936 nominant’
944 902 977 928 et
992 895 1066 928 mi-
1092 907 1093 937 5
1120 930 1283 951 enarrare
1297 917 1531 959 Matthaeum,
1559 927 1591 953 et
1601 918 1797 964 Epistolam
1813 920 1856 952 ad
1867 915 2108 956 Timotheum,

560 945 630 978 Nee
653 947 780 986 miror,
813 946 846 978 id
869 958 998 979 nomen
1018 946 1065 979 ibi
1092 967 1093 974 κ

75 997 210 1030 celebre
234 997 360 1036 fuisse,
393 1009 472 1029 cum
499 996 729 1030 certissimum
753 997 814 1037 sit,
843 997 893 1029 ibi
909 996 1066 1030 Henetos
1092 1002 1093 1010 ¹

462 1046 501 1079 ln
527 1059 568 1080 eo
593 1047 724 1091 oppido
743 1047 859 1080 lulino
887 1055 990 1081 natus
1017 1054 1065 1080 est
1091 1053 1093 1082 ἐ

75 1097 225 1131 Ioannes
250 1095 499 1140 Bugenhagius
525 1110 562 1130 m
590 1098 721 1131 samma
747 1097 892 1131 honesta
913 1106 945 1132 et
965 1111 1064 1131 ⁵⁰¹¹AE
1119 1122 1232 1155 cultus
1251 1121 1338 1161 Dei,
1365 1129 1397 1154 et
1421 1121 1578 1165 exempla
1603 1119 1839 1154 Etbnicorum
1861 1120 1989 1153 similia
2013 1127 2108 1153 taxa-

74 1148 182 1188 toria,
209 1148 266 1181 die
286 1147 379 1182 lunii
397 1148 457 1184 24.
481 1149 565 1181 anni
587 1148 696 1185 1485.
722 1162 817 1182 anno
842 1157 922 1182 ante
950 1149 1065 1182 Maxi·
1091 1158 1093 1195 j
1119 1174 1267 1212 hamur,
1294 1184 1332 1204 ac
1351 1173 1510 1205 docendo
1530 1173 1733 1216 proficiebat
1751 1173 1834 1216 ipse.

1092 1239 1093 1245 1
1120 1224 1186 1266 piis
1205 1221 1288 1255 baec
1306 1223 1341 1254 in
1361 1222 1489 1255 scbolis
1514 1222 1616 1256 lectio
1634 1224 1719 1263 fuit,
1747 1230 1787 1256 ut
1803 1223 1843 1255 ad
1868 1234 1941 1254 eam
1960 1221 2108 1254 audien-

73 1249 150 1282 ficat
167 1249 369 1282 coniunctio
381 1250 527 1283 Saturni
543 1258 575 1283 et
588 1250 678 1282 lovis
696 1251 731 1282 in
749 1251 908 1292 Scorpio.
950 1250 1065 1281 Simul
1092 1269 1093 1273 ,
1119 1273 1199 1303 dam
1230 1274 1432 1304 accederem
1485 1279 1515 1304 et
1542 1273 1632 1304 cives
1688 1280 1719 1305 et
1755 1272 1938 1305 chrificuli
1967 1278 2000 1304 et
2026 1271 2109 1304 Blo-

1092 1303 1093 1306 ,
1443 1298 1451 1311 ,
1644 1299 1652 1312 ,
1773 1296 1781 1305 1

76 958 141 979 nae
165 943 280 979 adhuc
297 953 505 980 cernuntur.

75 1055 107 1080 et
131 1047 238 1080 fuisse
262 1053 296 1080 et
318 1058 402 1082 esse.

74 1198 213 1231 miliani
239 1200 515 1233 coronationem.
576 1198 623 1233 Et
649 1207 794 1233 naturae
817 1201 928 1232 robur
957 1201 1065 1241 signi-

75 1306 190 1332 autem
211 1307 245 1331 et
260 1300 448 1330 domestica
464 1300 649 1340 disciplina
669 1307 700 1329 et
722 1298 860 1329 scholae
877 1306 1065 1330 consuetu-

74 1349 156 1381 dine
172 1345 421 1390 Bugenbagius
445 1347 482 1379 in
508 1347 655 1390 pueritia
682 1349 723 1379 ad
740 1345 977 1380 Christianam
998 1360 1064 1380 κα-

73 1395 226 1443 τήχησιν
248 1398 466 1430 adsuefactus
491 1404 560 1438 est,
597 1404 629 1429 et
654 1409 731 1429 cum
753 1396 1015 1430 Grammaticen
1034 1405 1065 1430 et
1091 1408 1092 1413 ¹

74 1449 248 1482 Musicam
275 1447 472 1485 didicisset,
510 1447 545 1478 in
570 1446 796 1479 Academiam
825 1445 1065 1492 Gryphesval—
1091 1457 1092 1462 ¹

490 1495 544 1529 lbi
562 1503 593 1528 et
610 1497 821 1541 tyrocinium
840 1498 980 1540 linguae
997 1497 1062 1530 La-
1091 1498 1092 1515 ³

73 1549 167 1582 tinae
190 1547 315 1579 melius
343 1544 488 1587 habuit,
523 1553 556 1580 et
584 1545 799 1580 Dialecticen
831 1554 863 1580 et
893 1548 1064 1581 elementa
1091 1555 1092 1558 ’

73 1500 217 1531 densem
232 1496 358 1529 missus
375 1502 435 1531 est.

73 1596 238 1644 Pbysices
255 1597 392 1632 didicit.

174 1655 260 1690 Erat
279 1663 403 1690 natura
426 1668 498 1689 non
524 1657 637 1689 solum
654 1669 760 1701 capax
779 1657 978 1698 doctrinae,
1004 1658 1062 1690 sed

73 1710 176 1743 etiam
200 1708 322 1751 avida,
351 1714 384 1741 et
407 1708 644 1740 accendebant
668 1708 871 1741 aviditatem
896 1716 1065 1752 tempora,

73 1759 155 1806 quia
185 1759 254 1792 iam
277 1757 381 1801 Hegii
404 1756 672 1791 Daventriensis
699 1765 731 1792 et
754 1756 939 1803 Rodolphi
959 1759 1064 1802 Agri-

73 1811 168 1845 colae
196 1816 229 1843 et
260 1808 458 1842 Hermanni
483 1806 627 1841 Buschii
660 1809 798 1853 scriptis
830 1817 941 1843 taxata
967 1817 1065 1843 erant

73 1861 219 1896 Soloeca
237 1860 395 1904 priorum
413 1866 622 1903 temporum,
649 1869 681 1893 et
693 1861 922 1893 revocabatur
939 1861 1064 1894 iuven-

74 1919 130 1946 tus
148 1913 189 1944 ad
210 1910 430 1954 diligentiam
447 1911 573 1943 rectius
590 1910 779 1955 loquendi,
810 1911 941 1944 semina
959 1912 1062 1944 etiam

75 1961 231 1996 Graecae
249 1962 389 2004 linguae
408 1961 671 2005 spargebantur.
724 1961 820 1995 Haec
847 1962 941 1995 velut
959 1975 1062 1995 auro-

74 2025 112 2046 ra
128 2012 370 2046 doctrinarum
394 2012 498 2045 bonis
523 2012 674 2058 ingeniis
699 2013 951 2046 iucundissima
979 2020 1062 2047 erat.

77 2063 261 2107 Flagrabat
277 2063 383 2106 igitur
395 2063 596 2096 adolescens
611 2064 728 2097 studio
744 2064 920 2102 discendi,
949 2071 983 2097 et
1001 2077 1063 2097 cu-

74 2115 156 2158 pide
171 2114 306 2157 legebat
326 2120 456 2146 veteres
474 2114 614 2156 linguae
630 2113 776 2149 Latinae
795 2116 1002 2158 scriptores,
1031 2123 1063 2148 et

74 2166 161 2199 sein
178 2165 363 2198 scribenda
392 2165 504 2197 soluta
532 2165 708 2206 oratione,
735 2173 769 2200 et
792 2166 829 2199 in
847 2179 1058 2209 componen-

74 2218 119 2250 do
144 2215 299 2249 carmine
323 2215 515 2249 exercebat.
569 2215 658 2249 Cum
683 2217 750 2249 iam
776 2217 982 2259 vigesimum
1001 2230 1062 2250 an-

74 2279 159 2300 num
178 2266 365 2309 attigisset,
395 2266 431 2299 in
447 2267 579 2310 oppido
599 2266 729 2310 'l'repta
755 2269 880 2300 docere
900 2268 1062 2302 iuventu-
1090 2273 1091 2298 1

75 2325 144 2351 tem
162 2324 263 2361 cepst’
290 2317 372 2358 ”¹³¹³
399 2330 480 2362 ΨΜ
498 2318 637 2359 hugum
654 2317 971 2352 Launaes'xm'cnffi
991 2332 1062 2351 ΠΨ·
1089 2335 1090 2356 1
1118 2335 1367 2379 inspiciantur,
1397 2335 1489 2366 iubet
1517 2334 1628 2376 ipsum
1647 2331 1913 2377 Bugenbaginm
1938 2335 1973 2366 in
1999 2334 2105 2366 eolle-

75 2369 162 2401 liora
181 2374 297 2408 eraut,
325 2380 427 2412 quam
457 2368 492 2400 in
512 2369 589 2401 aliis
614 2366 761 2410 scholis,
790 2371 879 2404 sarna
899 2370 1063 2415 frequen-
1089 2375 1090 2382 ¹

75 2420 157 2452 tiam
176 2416 317 2451 sebolae
334 2419 442 2462 ipsius
462 2421 619 2462 augebat.

75 2544 189 2569 menta
208 2537 388 2569 doctrinae
405 2535 625 2572 Christianae
648 2546 817 2584 quantum
838 2546 921 2571 tunc
940 2540 1064 2582 potuit,

76 2595 107 2621 et
125 2585 265 2620 baberet
293 2588 392 2620 initia
418 2600 536 2621 earum
564 2590 734 2623 virtutum
749 2616 756 2627 ,
783 2602 868 2634 quas
886 2590 978 2622 filius
997 2588 1061 2622 Dei

76 2650 158 2671 voce
173 2636 356 2681 Evangelii
374 2646 407 2672 et
424 2638 557 2682 Spiritu
576 2648 695 2674 sancto
713 2642 884 2681 accendit,
914 2641 1062 2674 libenter

76 2697 106 2721 et
133 2690 276 2722 adsidue
303 2690 385 2733 legit
409 2690 534 2734 scripta
563 2692 765 2736 prophetica
800 2700 831 2726 et
858 2693 1061 2737 apostolica,

666 125 823 161 DECL.
859 125 930 161 DE
964 124 1101 160 VITA
1136 122 1522 161 BUGENHAGII.

2033 125 2106 162 298

1092 214 1095 241 :
1121 216 1154 242 et
1178 207 1341 243 adhibuit
1359 211 1598 244 enarrationes
1614 209 1824 257 Hieronymi
1851 218 1883 244 et
1905 210 2105 253 Augustini,

1121 266 1152 292 et
1176 261 1341 293 miscebat
1365 262 1619 303 precationem,
1647 275 1713 307 qua
1731 275 1764 294 se
1789 262 1905 295 doceri
1925 269 1958 295 et
1978 262 2105 304 guber—

1121 310 1196 343 nari
1223 312 1374 354 petebat,
1403 318 1435 343 et
1460 324 1538 345 vera
1555 314 1681 356 pietate
1695 312 1807 346 Deum
1833 312 1979 348 colebat.
2033 311 2104 345 Ac-

1121 368 1298 411 cessqrunt
1323 368 1355 394 et
1383 359 1519 394 Erasmi
1554 364 1833 402 lucubrationes,
1869 375 1956 408 quae
1987 369 2105 396 taxant

1092 411 1093 429 ³
1120 409 1380 444 Monachorum
1409 410 1668 452 histrionicam,
1705 421 1738 448 et
1761 421 1953 447 statuarum
1979 414 2104 445 adora—

1120 463 1233 495 tiones
1259 462 1390 495 similes
1412 461 1584 498 Ethnicis.
1639 463 1728 498 Cum
1753 465 1859 507 igitur
1878 465 1994 497 sontes
2011 464 2104 506 lege-

1120 621 1362 654 mortuorum,
1397 617 1552 657 regulam
1579 622 1653 648 toto
1680 623 1818 659 pectore
1843 616 2020 658 amplexus
2039 622 2105 647 est:

1119 716 1207 756 vies,
1244 723 1276 749 et
1300 716 1490 757 intellexit,
1522 715 1637 750 Deum
1662 729 1734 750 non
1758 717 1847 750 velle
1871 716 1939 749 coli
1963 713 2107 748 histrio-

1120 767 1196 799 nica
1224 774 1446 800 externorum
1470 774 1649 810 gestuum,
1677 769 1734 800 sed
1759 768 1801 800 iis
1823 766 2030 805 virtutibus,
2064 766 2107 797 de

1120 817 1248 862 quibus
1270 818 1343 861 ipse
1366 818 1499 862 inquit:
1538 817 1577 852 In
1597 818 1789 863 praeceptis
1813 818 1898 850 meis
1919 816 2106 850 ambulate.

1120 977 1151 1002 et
1176 968 1333 1002 Psalmos
1360 969 1396 1001 in
1418 967 1546 1002 scholis
1564 972 1672 1014 cepit,
1700 977 1732 1004 et
1756 967 1958 1014 κατήχησιν
1983 970 2107 1001 iuven-

1119 1020 1184 1053 tuti
1203 1020 1366 1060 tradidit,
1393 1021 1430 1052 in
1446 1033 1511 1065 qua
1537 1022 1689 1066 symboli
1715 1028 1747 1054 et
1763 1022 1881 1053 decem
1905 1025 2108 1064 praecepto-

1119 1084 1196 1104 rum
1224 1071 1399 1103 enarratio
1435 1077 1526 1111 erat,
1562 1072 1598 1103 in
1632 1084 1698 1116 qua
1723 1071 2011 1104 monstrabantur
2034 1069 2107 1101 veri

1887 1171 1987 1205 Adeo
2012 1177 2108 1214 grata

1119 1319 1242 1360 nachi,
1277 1322 1337 1364 qui
1366 1333 1437 1353 non
1464 1329 1564 1355 erant
1586 1321 1704 1356 ἄθεοι.
1758 1321 1803 1355 Et
1819 1333 2019 1367 quanquam
2041 1321 2109 1354 Pa-

1118 1378 1192 1404 stor
1218 1382 1289 1403 non
1317 1378 1406 1409 erat,
1435 1372 1490 1403 sed
1517 1378 1652 1404 tantum
1678 1370 1816 1406 scholae
1834 1379 2008 1417 praeerat,
2031 1372 2108 1405 fue-

1119 1428 1201 1454 runt
1220 1428 1336 1453 tamen
1353 1428 1385 1454 et
1401 1419 1598 1455 hortatores
1616 1424 1737 1461 amici,
1765 1424 1855 1457 utin
1875 1423 2004 1467 templo
2024 1434 2108 1455 con-

1119 1472 1334 1510 cionaretur,
1372 1473 1464 1515 quod
1492 1480 1529 1505 ut
1554 1474 1666 1505 facere
1692 1481 1825 1516 posset,
1858 1474 1984 1506 usitato
2010 1485 2108 1506 more

1119 1521 1265 1563 collegio
1292 1523 1575 1564 presbyterorum
1605 1524 1792 1556 adiunctus
1821 1530 1883 1557 est.
1954 1522 2008 1555 Pii
2035 1524 2109 1556 eius

1119 1571 1350 1604 concionibus
1367 1579 1399 1604 et
1418 1572 1638 1606 laetabantur
1657 1581 1687 1606 et
1702 1574 1865 1606 meliores
1882 1574 2021 1606 fiebant.
2064 1571 2108 1606 Et

1118 1623 1208 1655 fama
1235 1622 1416 1655 doctrinae
1442 1622 1570 1665 ipsius,
1599 1636 1677 1656 cum
1702 1625 1746 1657 ab
1764 1624 2007 1664 auditoribus,
2034 1632 2108 1657 tum

1119 1674 1163 1706 ab
1179 1672 1257 1706 aliis
1277 1673 1344 1705 late
1362 1674 1599 1716 spargebatur.
1653 1673 1701 1707 Et
1717 1675 1799 1719 quia
1814 1675 1943 1707 multos
1958 1672 2110 1708 habebat

1119 1724 1297 1757 auditores
1323 1724 1580 1765 adolescentes,
1612 1732 1713 1758 natos
1737 1726 1773 1758 in
1799 1725 1948 1770 equestri
1974 1726 2109 1765 ordine,

1119 1776 1345 1818 expetebatur
1363 1775 1435 1807 eius
1452 1776 1672 1809 familiaritas
1691 1789 1711 1809 a
1726 1777 1924 1816 nobilibus,
1952 1788 1990 1809 ac
2009 1789 2109 1821 prae-

1119 1826 1220 1870 cipue
1237 1827 1280 1859 ab
1300 1826 1465 1866 eruditis,
1494 1839 1572 1859 cum
1593 1828 1738 1871 quibus,
1766 1840 1843 1860 cum
1867 1827 1951 1860 alias
1975 1828 2017 1861 de
2041 1825 2109 1860 Ec-

1119 1877 1239 1917 clesia,
1277 1877 1362 1910 alias
1389 1879 1431 1909 de
1456 1878 1567 1921 patria
1587 1889 1688 1921 saepe
1711 1879 1987 1923 colloqueretur,
2022 1876 2107 1910 hor-

1118 1935 1238 1961 tantur
1256 1940 1334 1961 eum
1353 1928 1512 1972 plerique
1527 1930 1569 1960 ad
1589 1929 1978 1973 colligendainpatriae
1998 1927 2108 1961 histo-

1118 1979 1226 2018 riam,
1263 1991 1367 2023 quain
1390 1980 1431 2011 ad
1457 1991 1530 2010 rem
1557 1991 1634 2011 cum
1667 1987 1699 2013 et
1724 1980 1922 2023 sumptibus
1951 1986 1981 2011 et
2007 1991 2106 2011 man-

1118 2030 1207 2062 datis
1234 2029 1410 2073 Principis
1437 2041 1524 2072 opus
1549 2037 1653 2070 esset,
1682 2030 1786 2062 aulici
1811 2042 1882 2062 rem
1903 2031 1944 2062 ad
1970 2029 2108 2062 Princi-

1117 2092 1195 2124 pem
1221 2079 1412 2123 Bugslaum
1439 2080 1615 2119 referunt,
1648 2080 1707 2125 qui
1732 2092 1810 2113 cum
1836 2081 1971 2113 audiret
1989 2081 2109 2113 erudi-

1118 2132 1250 2164 tionem
1277 2138 1309 2164 et
1333 2131 1498 2163 virtutem
1523 2131 1589 2162 xiri
1613 2131 1826 2174 praedicari,
1862 2138 1893 2164 et
1923 2128 2106 2164 historiam

1118 2182 1251 2226 patriae
1274 2182 1339 2215 sibi
1370 2189 1402 2214 et
1432 2182 1512 2214 siliis
1537 2188 1567 2213 et
1602 2182 1811 2214 consiliariis
1836 2182 2010 2214 notiorem
2037 2193 2109 2214 esse

1118 2234 1242 2273 vellet,
1270 2240 1302 2266 et
1327 2239 1449 2265 natura
1468 2232 1654 2265 munificus
1677 2239 1783 2272 esset,
1811 2233 1996 2265 consilium
2026 2245 2106 2276 pro-

1117 2285 1195 2323 bat,
1224 2285 1281 2317 dat
1301 2285 1483 2321 mandata,
1511 2290 1548 2316 ut
1573 2290 1799 2315 monumenta
1827 2291 1941 2316 vetera
1974 2284 2008 2315 in
2028 2284 2106 2316 aula

1117 2387 1182 2429 giis
1215 2393 1245 2419 et
1276 2385 1497 2418 monasteriis
1530 2396 1694 2428 quaerere
1731 2382 1895 2417 historias
1923 2392 1954 2418 et
1996 2385 2105 2429 inspi-

1090 2434 1091 2448 ¹
1117 2450 1192 2470 cere
1212 2438 1347 2476 literas,
1376 2443 1405 2469 et
1425 2435 1621 2478 sumptibus
1640 2447 1718 2468 eum
1737 2436 1895 2471 iustruit.
1921 2448 1988 2480 qua
2010 2437 2043 2467 in
2070 2448 2105 2468 re

173 2484 262 2519 Cum
282 2492 394 2519 autem
412 2487 613 2531 adolescens
631 2488 784 2520 studiose
800 2488 975 2521 didicisset
994 2489 1062 2521 ele-
1089 2519 1091 2528 A

1117 2501 1195 2521 cum
1230 2488 1414 2521 biennium
1448 2493 1687 2526 consumeret,
1730 2487 1852 2519 seriem
1890 2486 2104 2530 Principum,

1115 2540 1226 2578 bella,
1262 2537 1498 2571 Ecclesiarum
1523 2537 1790 2570 constitutiones
1817 2538 1942 2570 ordine
1965 2544 1995 2569 et
2021 2549 2101 2579 prn-

1116 2592 1238 2623 denter
1262 2588 1455 2632 descripsit.
1509 2587 1616 2621 Liber
1642 2586 1755 2621 adbuc
1788 2589 1823 2621 in
1849 2589 1926 2620 aula
1949 2587 2099 2620 custodi-

1090 2641 1091 2646 *
1116 2649 1189 2679 tur,
1219 2648 1247 2673 et
1268 2652 1345 2672 cuin
1365 2653 1382 2672 a
1402 2638 1645 2682 Principibus,
1670 2647 1741 2672 tnui
1758 2653 1774 2671 a
1793 2639 2002 2672 consiliariis
2028 2649 2099 2668 sae-

1117 2704 1157 2736 pe
1178 2692 1314 2733 legitur.
1370 2690 1439 2723 Nec
1457 2689 1675 2732 diligentiam
1696 2697 1830 2723 tautum
1850 2696 1879 2722 et
1899 2690 2000 2720 sidem
2019 2699 2099 2726 prn-
