2324 2955
120 88 191 123 113

117 170 182 205 No.
202 170 283 205 146.
923 186 970 204 an.
989 175 1082 205 1555.

397 278 473 318 De
501 282 600 317 arte
630 278 816 319 medica.

182 348 213 372 In
234 348 322 373 select.
341 347 417 374 Decl.
437 348 468 372 T.
483 347 527 374 lV.
547 357 571 381 p.
587 348 637 373 216
654 358 727 382 sqq.,
757 348 871 376 Servest.
891 348 976 375 T.lV.
995 359 1021 383 p.
1038 349 1094 374 197.

214 387 239 406 et
266 381 390 407 Richard.
416 381 446 406 T.
461 382 495 408 ll.
521 391 546 414 p.
563 382 620 408 118.
645 398 678 402 —
713 382 800 407 Etiam
827 383 968 416 separatim
994 384 1094 417 prodiit

213 414 420 443 witeb.1555.
455 416 481 441 8.
519 415 622 449 1¹l2p1-

111 493 238 527 Oratio
258 493 304 527 de
327 499 409 528 arte
431 493 594 536 medica,
621 505 683 527 seu
707 492 752 526 cle
765 492 903 528 honore
923 494 1090 530 habendo

110 543 323 586 corporibus
338 548 494 589 nostris-‚⁰
520 546 686 577 recitata
708 555 730 577 α
748 545 795 577 D.
815 547 866 578 Ja
879 556 922 578 co
934 545 982 579 bo
1004 548 1090 580 Mi-

107 593 122 626 l
130 595 143 626 i
151 593 199 630 ch
209 597 222 628 i
232 606 251 628 o
260 618 272 638 ‚
300 606 383 629 cum
397 596 658 630 decerneretur
668 594 807 639 gradus
824 595 941 629 tribus
955 597 1089 630 Docto—

413 644 513 678 ribus
528 643 778 678 llallensibus.

108 712 327 753 Gravissime
348 723 569 761 praeceptum
594 723 645 750 est
663 717 700 749 in
719 718 878 750 doctrina
899 715 1085 756 Ecclesiae,

105 767 275 802 honorem
293 768 520 801 tribuendum
537 778 608 800 esse
627 767 764 810 corpori
786 766 949 800 humano'
1004 767 1084 810 Qua

103 818 339 862 adpellatione
370 829 442 850 non
472 824 608 850 tantum
636 815 701 850 hoc
723 817 954 859 significatur,
989 820 1083 862 quod

104 866 312 911 Philosophi
337 868 512 907 dicerent,
547 868 710 900 tuendam
736 879 807 899 esse
834 868 1082 906 valetudinem,

103 925 136 952 et
159 918 386 962 depellendos
407 917 565 957 morbos,
592 928 651 949 seu
669 918 923 949 conservandas
941 929 1012 950 esse
1029 918 1082 949 vi-

103 980 157 1001 res
180 968 353 1011 corporis,
380 973 550 1012 quantum
570 966 644 999 fieri
663 973 784 1010 potest.
836 966 904 999 Sed
922 979 998 1000 cum
1017 965 1081 1000 ho-

102 1029 166 1051 nos
195 1018 416 1057 nominatur,
447 1028 548 1049 causa
577 1014 904 1059 comprehenditur,
939 1024 1081 1060 propter

102 1079 206 1113 quam
230 1067 392 1100 valetudo
417 1078 541 1108 magna
562 1078 642 1098 cura
666 1067 794 1099 tuenda
814 1073 881 1105 est,
909 1067 1081 1107 videlicet,

101 1118 183 1161 quia
199 1129 324 1160 corpus
339 1117 380 1149 ad
396 1116 536 1149 divinos
551 1127 633 1148 usus
650 1117 831 1148 conditum
850 1123 909 1149 est.
961 1117 1079 1159 Signi-

100 1168 178 1200 ficat
201 1167 294 1200 enim
318 1164 431 1199 honos
447 1166 698 1199 confessionem
717 1167 956 1200 antecellentis
974 1168 1078 1200 boni-

100 1217 197 1257 tatis,
230 1229 318 1261 quae
339 1216 500 1260 -primum
534 1215 607 1248 Deo
638 1217 803 1258 debetur,
840 1217 967 1249 deinde
998 1229 1076 1250 cum

98 1267 308 1302 transfertur
329 1267 374 1299 ad
398 1266 484 1298 alias
508 1277 579 1305 res,
606 1272 722 1299 tamen
742 1272 884 1308 propter
898 1265 1011 1300 Deum
1028 1267 1077 1300 eis

99 1315 286 1353 tribuitur,
311 1322 350 1347 ut
370 1313 540 1345 honorem
560 1315 747 1345 tribuimus
765 1316 985 1356 parentibus,
1010 1316 1076 1347 im-

98 1365 220 1409 periis,
248 1363 399 1404 artibus,
423 1362 568 1403 legibus„
621 1362 724 1395 Artes
741 1363 832 1395 enim
849 1375 887 1395 ac
904 1364 993 1405 leges
1010 1364 1076 1396 sci-

97 1425 175 1447 mus
188 1412 304 1445 radios
318 1423 388 1444 esse
403 1411 604 1453 sapientiae,
630 1422 718 1454 quae
734 1412 770 1442 in
780 1411 854 1442 Deo
872 1419 921 1444 est
936 1419 1074 1444 aeterna

97 1471 130 1498 et
159 1463 325 1502 immota,
359 1471 419 1504 per
445 1471 532 1504 quos
553 1471 624 1492 sese
649 1460 724 1491 vult
749 1461 887 1501 agnosci
908 1467 941 1492 et
968 1461 1072 1494 vitam

96 1513 180 1556 regi.
232 1511 290 1546 Sic
313 1510 459 1554 imperia
478 1509 605 1542 scimus
622 1509 782 1541 ordinem
800 1520 871 1541 esse
886 1510 1074 1553 sapientiae

96 1563 179 1601 Dei,
214 1568 248 1595 et
275 1559 473 1594 conservari
499 1571 516 1592 a
540 1557 632 1598 Deo,
665 1570 704 1591 ac
732 1558 960 1601 intelligimus
986 1560 1074 1592 velle

93 1613 208 1648 Deum
230 1623 295 1645 nos
318 1611 371 1643 illi
390 1609 508 1643 ordini
527 1609 699 1642 subiectos
715 1620 798 1642 esse.
851 1609 903 1642 De
918 1610 1072 1653 parenti-

95 1665 162 1697 bus
185 1674 267 1695 vero
289 1661 432 1700 scimus,
465 1666 498 1693 et
522 1660 712 1692 castitatem
736 1659 911 1700 coniugii,
945 1672 1072 1692 arcano

94 1712 161 1747 Dei
185 1711 332 1746 consilio
355 1710 522 1743 sancitam
549 1720 637 1749 esse,
663 1715 697 1742 et
722 1709 980 1751 generationem
1006 1708 1071 1742 Dei

95 1775 183 1808 opus
204 1773 295 1801 esse,
321 1768 355 1794 et
376 1761 419 1793 ab
446 1760 520 1803 ipso
543 1759 757 1798 conservari,
784 1766 813 1791 et
832 1760 921 1792 velle
940 1771 1017 1792 eum
1034 1767 1072 1793 ut

94 1813 139 1847 sit
161 1819 322 1846 mutuum
344 1811 467 1844 foedus
488 1816 521 1842 et
546 1816 665 1843 mutua
686 1807 821 1855 στοργὴ
839 1809 931 1842 inter
947 1822 1071 1852 paren-

94 1870 145 1897 tes
169 1869 202 1896 et
224 1868 342 1902 natos,
374 1872 479 1905 quam
505 1860 581 1892 vult
604 1870 676 1891 esse
701 1860 1071 1892 commonefactionem

94 1915 137 1947 de
155 1924 217 1947 suo
234 1923 352 1945 amore
367 1922 446 1953 erga
464 1910 575 1942 filium
590 1915 622 1943 et
639 1921 717 1952 erga
734 1921 807 1942 nos.
860 1908 909 1942 Ita
927 1910 1067 1943 cuicun-

94 1975 160 2009 que
186 1963 234 1996 rei
256 1960 427 1994 honorem
447 1959 652 2000 tribuimus,
677 1959 911 2002 significamus
928 1960 1069 2004 aliquod

95 2014 132 2046 in
157 2024 194 2045 ea
220 2012 381 2044 divinum
404 2012 537 2043 bonnm
561 2021 651 2050 esse,
677 2016 819 2053 propter
845 2012 938 2054 quod
961 2022 998 2042 ea
1019 2023 1072 2043 res

95 2070 127 2096 et
152 2062 390 2095 conservanda
415 2068 447 2094 et
471 2060 693 2093 anteferenda
718 2066 767 2092 est
791 2061 934 2092 caeteris
958 2061 1071 2095 rebus.

94 2112 193 2147 Sicut
210 2110 416 2145 Aristoteles
440 2110 574 2154 iuquit,
601 2107 722 2153 τίμιον
741 2121 812 2142 esse
831 2111 998 2155 quiddam
1017 2112 1071 2144 di-

93 2163 228 2196 vinum.

194 2211 283 2246 Cum
309 2211 415 2254 igitur
437 2209 606 2254 praecipit
626 2210 769 2243 coeleste
786 2212 1008 2251 mandatum,
1034 2218 1071 2244 ut

94 2274 239 2306 corpora
256 2268 372 2294 nostra
387 2258 523 2293 honore
538 2259 743 2299 afficiamus,
769 2262 1006 2304 quaerendum
1023 2269 1072 2295 est

95 2324 183 2358 quae
208 2323 262 2345 res
283 2312 402 2344 divina
427 2310 569 2354 propria
593 2310 635 2342 sit
658 2321 842 2353 corporum
861 2318 1073 2351 nostrornm,

96 2375 183 2408 quae
200 2369 314 2396 tamen
332 2362 489 2394 videmus
503 2371 574 2392 esse
589 2359 729 2401 fragiles
745 2372 873 2393 massas
891 2373 952 2394 ceu
970 2368 1073 2395 testas

96 2425 134 2446 ex
159 2414 232 2446 luto
257 2418 444 2446 concretas.
512 2409 579 2443 llic
603 2410 756 2454 primum
782 2411 825 2442 de
850 2422 951 2444 causa
975 2412 1072 2444 finali

94 2463 220 2497 dicam.

195 2511 407 2555 Quanquam
426 2509 511 2544 haec
525 2521 691 2554 corporea
710 2509 820 2541 moles
837 2521 876 2542 ex
895 2510 968 2544 luto
985 2511 1071 2545 sacta

96 2570 164 2603 est,
186 2569 303 2596 tamen
328 2562 370 2593 ad
395 2558 489 2594 hunc
512 2572 613 2594 usum
640 2560 780 2593 condita
797 2566 866 2597 est,
892 2561 982 2594 utin
1001 2568 1071 2595 tota

759 84 915 123 DECL.
955 85 1027 121 DE
1062 85 1219 122 ARTE
1253 86 1490 126 MEDICA.

2065 108 2135 141 114

1151 183 1321 214 organum
1353 175 1532 209 actionum
1554 176 1620 211 Dei
1651 181 1801 214 maxime
1831 185 2128 223 admirandarum

1149 220 1349 255 Nascuntur
1370 224 1407 256 in
1432 228 1534 259 corde
1560 228 1681 262 vitales
1704 232 1863 275 spiritus,
1891 243 1922 269 et
1947 237 2028 270 inde
2053 250 2129 272 sur-

1148 282 1225 327 sum
1243 273 1360 314 magni
1379 271 1549 308 halituum
1567 285 1680 312 aestus
1696 282 1791 315 velut
1806 282 1933 328 Euripi
1950 286 2127 322 vehuntur

1147 333 1183 353 111
1208 323 1406 363 cerebrum,
1434 326 1493 368 qui
1516 336 1631 369 postea
1657 332 1788 364 cerebri
1807 334 2042 371 familiaritate
2059 340 2126 371 mi-

1147 371 1251 403 tiores
1281 379 1313 404 et
1342 373 1529 407 lucidiores
1559 378 1658 418 facti,
1692 383 1871 415 cerebrum
1896 387 2063 420 adiuvant
2087 389 2123 421 in

1145 421 1415 463 cogitationibus
1446 425 1655 468 formandis,
1691 430 1743 462 illi
1773 444 1855 465 vero
1885 435 2029 478 fluctus,
2062 439 2122 482 qui

1143 478 1224 504 sunt
1242 472 1278 503 in
1295 469 1454 506 thalamis
1470 477 1602 516 cordis,
1629 481 1822 514 accendunt
1838 484 1991 521 affectus,

1244 520 1284 553 ln
1310 519 1399 555 hanc
1422 531 1527 557 totam
1553 524 1724 559 halituum
1746 533 2010 575 scaturiginem,
2042 549 2120 570 vere

1141 580 1176 602 se
1199 570 1321 604 inserit
1338 572 1518 607 divinitas:
1547 574 1587 607 In
1605 578 1745 610 cerebro
1762 579 1888 614 format
1904 585 2048 618 noticias
2065 587 2120 619 lu-

1140 620 1305 661 cidiores,
1333 629 1365 654 et
1388 623 1574 657 firmiorem
1599 627 1858 662 adsensionem:
1887 632 1923 664 in
1937 636 2039 667 corde
2056 639 2118 669 ad—

1139 670 1248 703 fectus
1264 672 1367 711 tales,
1394 674 1508 716 qualis
1523 681 1571 708 est
1589 675 1660 718 ipse
1678 676 1780 712 Deus.
1833 678 1889 713 Ad
1909 679 2002 715 hunc
2016 696 2116 718 usum

1137 732 1215 753 cum
1239 722 1380 754 condita
1403 723 1445 756 sit
1471 722 1655 757 hominum
1676 734 1819 768 natura,
1846 737 1877 763 et
1894 738 1931 764 ut
1948 734 2115 777 scriptum

1137 776 1203 810 est,
1230 782 1308 803 cum
1331 772 1415 806 velit
1432 773 1524 805 Deus
1544 775 1663 807 omnia
1678 776 1713 808 in
1733 778 1894 812 omnibus
1912 793 2001 823 esse,
2026 791 2116 817 recte

1135 820 1266 852 dictum
1283 828 1350 860 cst,
1377 834 1503 865 corpus
1520 820 1654 857 honore
1671 827 1903 862 adficiendum
1920 843 2001 865 esse.
2047 832 2116 867 Co-

1134 870 1282 911 gitemus
1305 871 1411 913 igitur
1434 880 1562 916 quanta
1579 875 1706 908 scelera
1726 878 1795 910 sint
1812 881 1982 923 expellere
2000 881 2113 916 Deum

1133 931 1173 951 ex
1199 917 1264 952 hoc
1287 933 1349 953 suo
1374 922 1574 963 domicilio,
1601 931 1639 957 ut
1663 926 1805 960 eiiciunt
1825 931 1883 973 qui
1902 943 1936 963 se
1955 932 2114 966 libidini-

1133 969 1198 1001 bus
1227 976 1285 1002 ant
1316 970 1394 1002 aliis
1426 972 1566 1014 flagitiis
1598 977 1853 1011 contaminant:
1888 982 1942 1013 vel
1966 984 2112 1017 omnino

1132 1019 1311 1052 destruere
1334 1018 1399 1052 hoc
1425 1023 1612 1065 templum,
1638 1032 1675 1057 ut
1696 1038 1819 1068 magna
1839 1030 2027 1064 multitudo
2048 1031 2113 1065 ho-

1132 1068 1267 1101 minum
1291 1070 1407 1113 perdit
1428 1083 1573 1115 corpora
1590 1075 1682 1107 serro
1698 1083 1730 1108 et
1746 1077 1824 1109 aliis
1839 1078 2024 1114 machinis:
2053 1085 2111 1115 sed

1131 1119 1243 1151 multo
1269 1120 1385 1162 plures
1410 1123 1566 1164 crapula,
1602 1124 1740 1165 illuvie,
1775 1135 1975 1173 contemptu
2001 1144 2112 1165 reme-

1130 1168 1282 1204 diorum.
1334 1168 1428 1203 Haec
1461 1172 1535 1204 lues
1563 1186 1641 1206 vere
1672 1173 1859 1220 ἐπιδήμιος
1891 1181 2027 1213 assidue
2050 1195 2111 1225 per

1129 1224 1241 1251 totum
1267 1230 1374 1262 genus
1397 1217 1590 1254 humanum
1618 1232 1770 1267 vagatur.
1823 1227 1917 1261 Haec
1935 1242 2058 1274 magna
2079 1239 2111 1265 et

1128 1269 1256 1300 atrocia
1280 1270 1406 1303 scelera
1428 1274 1645 1313 agnoscenda
1672 1283 1703 1308 et
1730 1278 1933 1320 corrigenda
1951 1288 2051 1320 sunt,
2077 1294 2111 1318 cr

1128 1328 1228 1358 saepe
1259 1319 1464 1359 cogitandae
1491 1329 1574 1355 sunt
1597 1335 1734 1365 causae,
1769 1338 1830 1359 cur
1854 1328 1947 1362 Deus
1972 1331 2109 1366 iusserit

1128 1362 1297 1397 honorem
1316 1364 1444 1399 habere
1461 1371 1611 1411 corpori.

1228 1413 1308 1446 Dixi
1333 1416 1375 1447 de
1393 1428 1494 1449 causa
1511 1419 1627 1460 finali,
1653 1423 1734 1465 quia
1752 1424 1795 1457 sit
1814 1427 1994 1461 conditum
2009 1436 2048 1463 ut
2065 1431 2109 1466 sit

1126 1463 1297 1504 templum
1314 1462 1391 1498 Dei.
1443 1464 1714 1504 Consideremus
1735 1474 1838 1506 etiam
1855 1476 1963 1519 ipsius
1980 1479 2109 1522 opificii

1125 1518 1233 1567 artem
1244 1539 1252 1551 ‚
1277 1524 1365 1556 quae
1381 1525 1458 1546 cum
1474 1527 1553 1548 vere
1569 1518 1612 1550 sit
1627 1520 1745 1553 divina
1758 1549 1766 1561 ‚
1792 1531 1830 1556 ut
1845 1528 2004 1560 ostendat
2022 1515 2109 1573 qua-

1126 1561 1168 1594 l1s
1190 1568 1233 1594 sit
1257 1561 1368 1602 Deus,
1403 1572 1546 1608 propter
1574 1564 1664 1601 hanc
1689 1582 1826 1605 causam
1852 1575 1955 1608 etiam
1981 1589 2107 1622 corpus

1125 1608 1260 1644 honore
1285 1613 1517 1647 adficiendum
1544 1624 1603 1651 est.
1663 1617 1703 1651 In
1726 1619 1801 1654 Deo
1825 1626 2030 1669 praecipuae
2050 1640 2106 1664 tes

1125 1667 1232 1718 funi³.
1267 1662 1454 1705 sapientia,
1496 1666 1641 1708 veritas,
1674 1670 1830 1713 bonitas,
1864 1675 2105 1719 benefice—mia,

1124 1718 1273 1747 1ust1t1a,
1302 1713 1457 1757 castitas,
1483 1718 1675 1751 constantia
1695 1720 1859 1764 inbono,
1883 1726 1975 1769 quod
1996 1727 2105 1770 ipsius

1124 1761 1293 1804 sapientia
1315 1762 1483 1798 discernit
1499 1777 1517 1798 a
1534 1767 1643 1808 malo,
1671 1770 1751 1803 item
1776 1772 1955 1808 liberrima
1972 1776 2106 1813 electio.

1124 1810 1182 1844 Sic
1199 1819 1247 1844 est
1266 1819 1379 1845 autem
1397 1815 1559 1848 conditus
1576 1814 1700 1859 homo,
1726 1828 1762 1854 ut
1779 1825 1932 1859 membra
1949 1830 2106 1871 corporis

1123 1861 1193 1894 sint
1224 1859 1349 1894 harum
1383 1864 1597 1907 optimarum
1630 1881 1747 1903 rerum
1780 1867 2027 1912 instrumenta:
2066 1879 2103 1912 in

1123 1912 1265 1944 cerebro
1291 1912 1405 1946 lucent
1432 1916 1582 1949 noticiae
1605 1926 1637 1952 et
1654 1921 1796 1959 veritas,
1825 1915 2103 1962 intellectus'nu-

1124 1973 1319 2002 merorum,
1345 1964 1433 1996 radii
1460 1965 1543 2007 legis
1568 1968 1726 2009 divinae,
1754 1972 1988 2009 discernentes
2014 1987 2104 2012 recta

1123 2018 1157 2043 et
1179 2024 1248 2043 non
1273 2019 1371 2044 recta.
1426 2012 1466 2046 Et
1495 2028 1511 2047 a
1535 2018 1676 2050 cerebro
1702 2023 1799 2053 nervi
1824 2024 2005 2065 oriuntur,
2042 2030 2102 2072 qui

1123 2062 1331 2103 cogitatione
1364 2064 1494 2106 impelli
1526 2075 1690 2108 possunt,
1719 2077 1751 2102 rt
1783 2079 1921 2106 externa
1948 2079 2102 2112 membra

1124 2112 1176 2143 vel
1202 2112 1293 2144 cient
1316 2114 1367 2144 vel
1389 2112 1590 2154 cohercent,
1619 2124 1656 2149 nt
1675 2120 1826 2153 artiones
1844 2136 1921 2155 cum
1939 2133 2031 2159 recto
2050 2129 2103 2162 iu-

1123 2162 1215 2193 dicio
1242 2171 1471 2203 congruentes
1493 2166 1579 2197 effici
1606 2170 1756 2210 possint,
1784 2178 1821 2204 nt
1844 2184 1922 2205 cum
1946 2174 2103 2212 Achilles

1123 2213 1249 2244 ardens
1282 2212 1331 2244 ira
1358 2225 1427 2245 non
1457 2214 1603 2255 iniusta,
1637 2218 1789 2259 gladium
1814 2223 2016 2265 stringeret.
2050 2236 2102 2262 ta-

1124 2274 1203 2294 men
1228 2274 1307 2295 cum
1334 2264 1436 2296 tacita
1460 2265 1622 2305 cogitatio
1647 2280 1772 2301 nervos
1796 2283 1855 2304 cen
1877 2270 2029 2309 habenas
2047 2279 2102 2312 iu-

1123 2313 1221 2345 beret
1254 2311 1430 2345 retrahere
1464 2326 1624 2363 inan-um,
1660 2320 1756 2350 nervi
1791 2328 1821 2354 et
1854 2333 1978 2358 manus
2007 2337 2101 2362 recto

1124 2362 1252 2395 iudicio
1275 2364 1525 2406 obtemperant.
1578 2364 1678 2399 Itane
1701 2370 1926 2412 sapientiam,
1960 2376 2103 2412 lilwrta-

1123 2420 1210 2452 tem,
1238 2412 1419 2452 virtutem,
1444 2411 1559 2447 adhuc
1584 2423 1761 2462 utcunque
1785 2420 1818 2452 in
1838 2419 2022 2459 hominnm
2042 2442 2103 2462 na—

1123 2468 1200 2494 tura
1232 2463 1403 2506 reliquam
1434 2474 1505 2495 csse
1535 2464 1711 2505 videmus,
1741 2470 1876 2504 etiamsi
1903 2474 2103 2517 languidior

1125 2519 1193 2552 est,
1227 2524 1330 2556 qnam
1359 2512 1471 2556 qualis
1493 2513 1595 2547 initio
1618 2519 1757 2551 condita
1782 2528 1845 2554 est.
1906 2524 2024 2561 Voluit
2052 2538 2101 2562 ta-

1125 2574 1204 2594 men
1222 2562 1315 2595 Deus
1339 2561 1374 2593 in
1398 2563 1499 2595 nobis
1523 2562 1638 2598 adhuc
1663 2568 1776 2600 lucere
1799 2571 1841 2604 de
1858 2584 1929 2606 sese
1946 2579 2100 2610 testimo-

97 2613 301 2646 aeternitate
330 2611 548 2644 domicilium
580 2617 614 2643 et
644 2610 814 2654 templum
848 2610 892 2644 sit
921 2610 1008 2652 Dei,
1041 2619 1074 2645 et
1129 2612 1186 2645 nia
1204 2618 1236 2645 et
1253 2611 1538 2655 significationes,
1565 2628 1653 2659 quae
1669 2623 1995 2667 commonetaciant,
2019 2641 2103 2673 qua-

146 2665 323 2695 ΜκιΑΝτκ.
350 2663 452 2695 Ormi.
479 2663 560 2694 VoL.
577 2661 652 2693 ΧΠ.

1575 2665 1597 2698 8
