2324 2955
152 129 247 166 1073
712 129 736 165 Ι,
785 127 1076 166 CHRONICON
1108 128 1353 166 CARtONtS.
1406 129 1531 165 PARS
1557 129 1602 163 Il.
2063 131 2158 165 1074

149 222 226 259 pter
247 214 486 247 defensionem
505 212 741 247 Ecclesiarum
770 222 803 248 et
820 213 1042 249 Christianae
1065 215 1130 247 do·
1178 226 1259 247 men
1285 214 1539 248 Saracenorum
1565 222 1655 248 extat
1680 215 1716 247 in
1742 212 1886 248 historia
1916 214 2092 248 Zenobiae
2118 218 2153 247 in

149 265 281 299 ctrinae
314 265 556 298 dimicandum
590 277 662 297 esse
696 266 927 309 intelligebat.
982 264 1130 299 Erectus
1152 280 1156 302 t
1180 266 1336 298 victoriis
1351 266 1547 300 Aureliani.
1601 264 1775 298 Existimo
1801 273 1916 298 autem
1944 266 2052 309 ipsam
2070 276 2154 308 gen-

149 315 256 359 igitur
281 327 340 360 spe
363 315 487 349 auxilii
504 315 619 348 divini
635 316 828 350 exercitum
853 317 889 350 in
918 316 1056 362 Syriam
1085 316 1126 348 ad
1179 322 1245 348 tem
1259 316 1452 359 Agarenam
1472 316 1634 349 maluisse
1651 317 1827 349 nominari
1837 315 2043 350 Saracenam
2062 328 2078 348 a
2091 315 2154 349 Sa-

149 364 300 400 Azotum
325 366 434 399 ducit.
493 364 579 399 lnde
605 379 682 400 cum
709 366 856 401 Cosroe's
889 369 1041 410 fugeret,
1078 373 1129 399 ter
1178 378 1233 407 ra,
1261 367 1342 411 quia
1361 367 1546 409 gloriosius
1564 374 1635 400 erat
1660 368 1730 399 dici
1754 373 1849 399 ortos
1881 378 1899 400 a
1924 366 2008 400 Sara
2032 366 2153 404 libera,

149 417 294 450 dimicat
309 415 493 449 Heraclius
521 429 599 449 cum
617 416 770 451 Cosroae
792 419 1019 458 exercitibus,
1047 417 1126 462 qui·
1178 429 1280 461 quam
1309 418 1353 450 ab
1380 417 1506 450 ancilla
1533 417 1637 460 Agar.
1693 416 1768 461 Ipse
1794 415 2017 450 Mahometus
2050 417 2152 450 etiam

148 469 213 501 bus
242 467 436 510 profligatis
461 468 649 501 domestica
677 469 874 503 calamitate
890 468 1039 502 Cosroe's
1062 480 1124 511 op·
1180 475 1295 510 postea
1336 468 1478 511 gloriosi
1523 468 1677 500 nominis
1713 468 1890 501 mentione
1934 467 2153 501 confirmavit

147 528 286 561 pressus
310 525 378 558 est,
413 525 451 551 ut
476 518 607 561 insigni
629 520 786 563 exemplo
812 520 886 554 eius
910 520 1071 564 superbia
1096 525 1127 551 et
1177 519 1384 558 exercitum,
1412 518 1606 551 vociferans
1623 518 1799 561 pertinere
1815 519 1856 550 ad
1874 513 1932 550 eos
1949 518 2153 562 promissio—

146 565 385 612 blasphemiae
410 569 632 612 punirentur.
1177 581 1255 602 nem
1285 569 1383 611 regni
1417 569 1561 609 mundi,
1605 566 1769 600 Abrahae
1801 568 1947 611 posteris
1978 568 2152 606 traditam,

247 617 335 652 Cum
364 619 475 652 filium
502 622 694 653 secundum
722 618 936 654 stlardasen
969 620 1125 662 neglecto
1176 621 1256 664 quia
1284 626 1395 652 essent
1419 619 1482 651 filii
1505 618 1630 658 Sarae,
1658 618 1746 651 sicut
1769 625 1947 662 praetextu
1972 618 2152 661 religionis

146 669 261 713 primo
285 669 360 702 filio
384 667 496 703 Sirok:
519 682 754 704 successorem
787 672 822 704 in
849 684 956 715 regno
984 669 1124 704 Persico
1149 647 1152 767 i
1176 682 1276 715 saepe
1293 668 1453 702 homines
1472 669 1675 702 incitantur.

145 720 401 761 constituisset,
435 721 525 764 cepit
551 728 683 765 patrem
711 719 872 755 Cosroe'n
901 723 1012 755 maior
1041 727 1125 752 natu
1276 720 1493 753 Militaverat
1507 726 1622 753 autem
1640 719 1808 753 exercitus
1819 717 2043 752 Saracenicus
2060 720 2151 761 apud

146 770 251 811 filius,
265 777 297 804 et
319 771 494 806 trucidato
515 773 622 805 fratre
643 773 804 806 Mardasa
823 780 999 816 spectante
1021 778 1126 814 patre,
1174 771 1377 805 Heraclium
1396 778 1516 804 contra
1536 769 1668 803 Persas.
1720 769 1767 803 Et
1792 770 1872 814 quia
1892 769 2062 813 stipendia
2080 780 2152 801 non

144 821 274 854 deinde
297 829 330 855 et
355 829 489 866 patrem
516 823 693 859 interficit.
745 823 822 856 Hoc
847 825 952 856 modo
978 834 1124 865 regnum
1175 823 1368 860 dabantur,
1397 821 1521 855 defecit
1544 822 1588 853 ab
1606 821 1794 854 Heraclio.»
1835 819 1948 854 Aiunt
1973 827 2005 853 et
2027 826 2151 853 contu-

143 872 292 916 adeptus
306 872 426 907 ‹Siroes
450 880 488 906 ut
512 874 668 906 securior
689 881 793 914 esset,
820 886 937 917 pacem
958 886 1035 906 cum
1054 871 1123 904 He·
1150 895 1151 908 1
1175 873 1278 905 melia
1309 872 1464 906 irritatos
1484 884 1576 911 esse,
1604 883 1682 905 cum
1696 870 1851 904 Heraclii
1871 870 2079 913 Quaestores
2096 869 2151 902 di-

143 923 252 956 raclio
287 924 390 964 fecit,
432 925 579 957 redditis
613 925 776 967 captivis,
817 925 909 956 inter
941 936 1028 969 quos
1054 930 1124 955 erat
1149 939 1151 970 ἦ
1174 924 1302 956 xissent
1320 950 1328 962 ,
1363 935 1397 955 se
1420 923 1476 955 vix
1504 934 1603 966 posse
1630 921 1795 956 Romano
1822 929 1854 954 et
1879 921 2014 955 Graeco
2046 919 2149 953 militi

143 970 359 1007 Zacharias
375 972 576 1007 patriarcha
597 975 914 1020 Ierosolymorum,
941 981 973 1007 et
989 973 1124 1006 reddita
1148 974 1151 1006 ἱ
1175 974 1348 1016 stipendia
1370 974 1472 1010 dare,
1508 984 1571 1004 nec
1593 978 1728 1004 tantum
1753 983 1787 1004 se
1818 970 1946 1005 habere
1973 970 2150 1015 pecuniae,

142 1036 256 1059 cruce.
314 1024 474 1057 Vicissim
499 1023 685 1056 Heraclius
708 1025 861 1056 restituit
888 1024 1064 1066 captivos,
1094 1029 1123 1054 et
1148 1023 1151 1070 J
1174 1030 1210 1056 nt
1229 1020 1310 1054 huic
1329 1034 1454 1054 canum
1474 1023 1598 1055 turbae
1615 1022 1862 1057 satisfacerent.
1916 1021 2047 1056 L'sitata
2068 1027 2149 1054 sunt

144 1074 284 1119 Syriam
301 1080 335 1106 et
353 1072 602 1117 lerosolymam
623 1073 756 1117 recipit.
810 1072 960 1106 Duravit
979 1071 1044 1106 hoc
1070 1073 1126 1105 in-
1148 1071 1151 1124 f
1174 1080 1289 1106 autem
1317 1072 1451 1116 alioqui
1473 1071 1645 1105 Arabicae
1674 1073 1768 1115 genti
1800 1072 2003 1111 latrocinia,
2042 1082 2149 1115 quare

144 1135 229 1168 gens
254 1123 386 1156 bellum
407 1133 520 1155 annos
542 1135 609 1156 sex.
662 1122 839 1157 Reversus
854 1122 1039 1157 Heraclius
1053 1122 1124 1168 By—
1148 1127 1149 1160 }
1174 1123 1345 1156 exercitus
1364 1122 1591 1156 Saracenicus
1607 1122 1668 1166 qui
1694 1123 1885 1162 defecerat,
1911 1121 2033 1165 diripit
2049 1121 2150 1164 oppi-

143 1174 298 1208 zantium
319 1175 495 1216 ingressus
513 1181 581 1214 est,
606 1175 729 1206 sedens
747 1175 782 1206 in
801 1186 905 1207 curru
926 1175 1002 1207 sine
1017 1186 1123 1208 orna·
1147 1164 1150 1206 l
1172 1175 1215 1207 da
1232 1172 1403 1207 Damasco
1422 1174 1547 1206 vicina.
1583 1173 1691 1206 Multi
1711 1174 1832 1217 inopes
1851 1173 1952 1206 etiarn
1972 1185 1990 1204 a
2018 1169 2148 1204 Maho-

141 1225 270 1259 mentis
287 1222 581 1268 triumphalibus,
602 1231 724 1257 tenens
741 1236 877 1258 crucem
895 1225 931 1257 in
950 1225 1124 1263 manibus,
1173 1231 1264 1257 meto
1283 1224 1415 1264 adiuti,
1440 1224 1502 1267 qui
1521 1225 1623 1258 ducta
1641 1236 1747 1256 uxore
1768 1224 1937 1257 ditissima
1953 1222 2054 1256 facile
2072 1233 2149 1266 per·

141 1287 181 1309 ac
202 1275 276 1308 filio
295 1274 362 1308 Dei
384 1275 498 1318 palam
524 1276 651 1318 gratias
667 1287 772 1318 agens
790 1288 854 1320 pro
872 1276 1035 1317 victoria,
1063 1288 1123 1309 cu-
1171 1275 1253 1309 fecit
1268 1274 1514 1318 largitionibus
1527 1301 1535 1315 ,
1563 1282 1600 1309 ut
1620 1275 1748 1307 milites
1765 1286 1843 1308 eum
1861 1273 2043 1313 audirent,
2070 1283 2147 1305 sua-

141 1326 197 1360 ius
230 1326 426 1359 recordatio
457 1332 497 1359 ut
527 1326 783 1366 celebraretur,
816 1327 923 1360 feriae
957 1327 1122 1361 exaltatae
1172 1326 1215 1359 sit
1233 1333 1271 1359 ut
1296 1326 1419 1358 ducem
1443 1332 1616 1365 crearent,
1645 1332 1677 1359 et
1692 1331 1729 1358 ut
1747 1325 1881 1358 firmior
1899 1331 1983 1357 esset
2000 1333 2147 1356 consen-

140 1377 253 1411 crucis
280 1377 461 1410 institutae
478 1383 570 1410 sunt.
623 1376 675 1410 Ac
703 1377 859 1421 profecto
891 1390 1002 1421 poena
1027 1379 1121 1410 blas-
1171 1388 1248 1415 sus,
1277 1375 1442 1409 tollerent
1472 1377 1681 1419 religionum
1706 1376 1868 1415 dissidia,
1893 1375 2059 1417 eligerent
2084 1374 2147 1405 do-

140 1425 362 1472 phemiarum
391 1426 540 1467 Cosroe‚
569 1434 608 1461 ut
637 1426 900 1469 Sennacherib,
942 1427 1123 1469 Antiochi,
1171 1428 1302 1461 ctrinae
1326 1438 1435 1470 genus
1470 1427 1557 1459 utile
1589 1428 1810 1459 concordiae.
1860 1425 1937 1470 Ipse
1968 1424 2147 1458 doctrinae

139 1477 325 1512 Nicanoris
342 1485 374 1512 et
391 1478 560 1511 similium
580 1479 749 1512 memoria
766 1479 870 1522 digna
890 1486 950 1513 est.
1169 1479 1318 1511 formam
1344 1477 1547 1520 proposuit,
1578 1477 1715 1510 addidit
1739 1489 1775 1510 se
1809 1474 1938 1509 habere
1970 1474 2146 1519 colloquia

592 1564 599 1570 ,
1170 1528 1328 1562 coelestia
1347 1534 1378 1561 et
1394 1525 1671 1567 enthusiasmos,
1698 1534 1736 1560 ut
1752 1533 1892 1569 augeret
1912 1525 2146 1560 autoritatem.

241 1561 307 1595 De
335 1560 518 1596 Dlahom
530 1573 549 1596 e
561 1566 575 1595 t
587 1573 598 1595 ²
632 1566 768 1596 secta
793 1567 838 1596 et
864 1574 975 1609 ²⁰39n
988 1575 1019 1597 ⁰·
1168 1578 1314 1613 Creatns
1331 1579 1438 1621 igitur
1452 1579 1521 1611 dux
1548 1578 1715 1622 paulatim
1732 1578 1832 1611 initia
1849 1576 1947 1620 regni
1963 1575 2146 1610 confirma-

243 1625 370 1670 lngens
395 1634 427 1660 et
445 1625 623 1661 horrenda
643 1629 791 1661 mutatio
809 1630 946 1671 generis
963 1627 1122 1667 hnmani,
1144 1641 1146 1675 ᾗ
1169 1630 1220 1663 vit
1238 1630 1273 1662 in
1291 1629 1419 1661 vicinia
1437 1627 1598 1661 Damasci
1618 1639 1728 1661 annos
1753 1640 1892 1662 novem.

139 1683 174 1710 et
189 1676 333 1721 quidem
353 1678 512 1711 celeriter
530 1679 618 1712 sacta
641 1685 691 1712 est
710 1691 830 1723 sparso
848 1681 1010 1719 dogmate
1025 1676 1121 1711 JlIa-
1271 1680 1414 1714 Initium
1442 1680 1538 1721 regni
1567 1677 1763 1712 Mahometi
1792 1679 1983 1711 collocatur
2015 1676 2051 1708 in
2084 1687 2146 1707 an-

139 1723 294 1768 hometi,
321 1729 414 1772 quod
434 1728 588 1771 primum
609 1730 759 1772 amplexi
776 1737 855 1760 sunt
875 1728 1032 1764 Αιιιύω,
1060 1730 1119 1768 qui
1169 1737 1254 1758 num
1272 1729 1405 1758 Clu-isti
1422 1731 1706 1762 sexcentesimum
1726 1729 1928 1762 vicesimum
1954 1726 2107 1760 tertium.

137 1829 193 1858 vel
211 1825 307 1858 domi
326 1824 509 1858 latrocinia
530 1831 780 1863 exercuerunt,
809 1825 862 1857 vel
887 1837 950 1857 suo
971 1825 1119 1858 arbitrio
1169 1827 1278 1870 cepit,
1317 1834 1349 1860 et
1377 1827 1475 1869 regni
1506 1834 1610 1871 caput
1638 1828 1829 1861 constituit.
1882 1826 2021 1860 Deinde
2054 1826 2143 1870 capit

136 1876 245 1915 foris,
272 1875 332 1908 alii
359 1875 449 1918 apud
474 1874 562 1907 alios
585 1875 744 1907 mercede
761 1874 970 1909 militarunt.
1027 1875 1118 1908 Huic
1170 1876 1301 1910 Gazam
1316 1885 1347 1909 et
1366 1876 1615 1923 lerosolymam
1635 1879 1810 1911 obsessam
1837 1877 1994 1910 biennio.

138 1926 236 1971 genti
260 1926 407 1970 cupidae
431 1925 602 1958 libertatis
620 1932 652 1958 et
667 1925 829 1964 militiae,
857 1926 963 1967 legem
983 1939 1120 1959 accom-
1268 1924 1440 1961 Akamas
1463 1929 1584 1962 tertius
1601 1940 1658 1962 rex
1685 1940 1809 1972 magna
1826 1928 1948 1974 Syriae
1965 1933 2060 1972 parte
2078 1928 2145 1959 do-

136 1978 315 2011 modatam
346 1977 389 2009 ad
417 1975 725 2020 amplificationem
754 1976 926 2010 libertatis
945 1984 977 2011 et
996 1985 1118 2021 poten-
1168 1978 1251 2011 mita
1274 1985 1420 2021 occupat
1451 1978 1658 2024 Aegyptum.

137 2028 206 2063 tiae
225 2025 451 2061 Mahometus
468 2026 617 2069 scripsit.
1268 2026 1478 2062 ,Mulzacias
1504 2037 1648 2074 quartus
1666 2028 1740 2064 Rex
1755 2028 1958 2063 Caesaream
1977 2026 2145 2060 Palaesti-

241 2076 282 2111 ln
300 2076 432 2111 Arabia
454 2084 577 2110 natum
603 2087 674 2109 esse
701 2074 945 2110 Maliometum
975 2078 1118 2121 plurimi
1168 2091 1232 2112 nae
1261 2081 1421 2123 septenni
1454 2081 1640 2114 obsidione
1671 2081 1782 2124 capit,
1824 2088 1854 2113 et
1876 2079 1967 2111 victo
1993 2078 2145 2111 Cosroae

138 2129 299 2168 tradunt,
333 2141 371 2161 ac
392 2129 544 2171 primum
562 2128 629 2160 sibi
653 2127 851 2160 adiunxisse
869 2128 1116 2162 Saracenicum
1168 2130 1240 2163 filio
1257 2126 1463 2163 Orimasda
1484 2131 1638 2164 Persiam
1660 2143 1766 2175 regno
1784 2130 1991 2164 Saracenico
2010 2128 2144 2161 addidit

137 2180 327 2212 exercituin
340 2203 348 2217 ‚
377 2180 470 2212 unde
487 2184 603 2222 postea
621 2177 821 2211 Saracenici
846 2180 943 2220 regni
964 2180 1116 2222 appella·
1168 2180 1246 2214 etei
1265 2181 1375 2224 legem
1392 2180 1666 2216 Mahometicain
1686 2182 1862 2226 imposuit.
1908 2179 1956 2213 lta
1977 2180 2065 2212 intra
2080 2190 2144 2211 au-

137 2230 187 2266 tio
205 2230 292 2263 facta
309 2236 372 2269 est,
395 2231 438 2262 de
454 2241 524 2274 quo
543 2240 622 2262 cum
639 2228 765 2262 dicturi
781 2229 900 2269 simus,
918 2230 1013 2272 prius
1031 2242 1118 2274 quae
1168 2242 1231 2264 nos
1253 2232 1396 2275 triginta
1422 2231 1586 2265 Saraceni
1620 2233 1722 2276 potiti
1748 2231 1900 2269 Arabia,
1933 2229 2143 2268 Palaestina,

137 2280 245 2313 fuerit
263 2292 345 2324 gens
361 2280 566 2314 S.=racenica
579 2307 588 2320 ‚
616 2286 647 2312 et
667 2280 726 2312 ubi
752 2280 852 2312 fucrit
867 2305 874 2318 ,
903 2292 1052 2323 expono.
1170 2279 1364 2322 Phoenice,
1390 2282 1512 2327 Syria,
1542 2282 1700 2325 Acgvpto
1718 2290 1748 2315 et
1766 2282 1883 2315 Persia
1900 2292 2060 2322 magnam
2080 2292 2143 2323 po-

240 2329 292 2364 Ex
311 2330 424 2364 Moise
447 2338 569 2364 notum
595 2337 645 2364 est
672 2337 828 2374 posteros
856 2330 1028 2368 ismaelis,
1056 2333 1114 2376 qui
1167 2332 1310 2365 tentiam
1329 2334 1443 2376 adepti
1462 2341 1554 2367 sunt.
1607 2324 1727 2367 Postea
1747 2332 1898 2366 Africam
1916 2337 2023 2364 totam
2041 2342 2143 2363 oceu-

137 2393 179 2415 ex
197 2379 302 2426 Agar
325 2388 427 2415 natus
444 2388 512 2422 est,
536 2381 687 2414 tenuisse
707 2379 894 2421 Arabiam,
924 2382 1004 2414 inde
1022 2381 1114 2424 Agra
1169 2391 1313 2425 parunt,
1347 2390 1380 2417 et
1405 2384 1573 2426 paulatim
1601 2386 1635 2416 in
1666 2382 1785 2417 Asiam
1819 2388 2078 2426 processerunt,
2105 2392 2142 2412 at

135 2432 220 2466 urbs
236 2431 416 2466 nominata
436 2439 486 2466 est
500 2432 544 2465 ab
562 2431 657 2474 Agar
673 2439 782 2464 matre
803 2431 968 2473 ismaelis,
987 2442 1018 2467 et
1034 2444 1117 2476 gens
1168 2434 1233 2467 late
1260 2446 1338 2467 cum
1365 2434 1512 2478 imperio
1538 2435 1645 2477 legs-ni
1675 2431 1947 2467 Maliometicam
1973 2442 2142 2476 propaga-

137 2483 277 2526 Agraei‚
296 2484 355 2528 qui
372 2482 408 2515 in
427 2483 540 2526 primo
557 2481 907 2526 lib.Paralip.cap.5,
926 2485 1117 2516 nominan—
1167 2491 1305 2517 verunt.

136 2540 196 2568 tur
219 2532 392 2576 Agareni‚
428 2533 487 2567 ubi
514 2540 547 2567 et
571 2533 699 2566 limites
726 2534 832 2566 vicini
852 2533 986 2568 Galaad
1015 2547 1115 2567 mon-
1268 2533 1342 2568 Etsi
1371 2542 1487 2568 autem
1512 2534 1604 2567 inter
1629 2534 1723 2578 ipsos
1747 2547 1888 2581 quoque
1906 2533 2093 2568 seditiones
2108 2537 2139 2563 et

137 2591 305 2620 strantur.
339 2583 475 2617 Nomen
493 2584 584 2617 idem
603 2583 754 2627 Agareni
773 2591 863 2618 extat
879 2584 914 2617 in
935 2584 1092 2619 Psatsz.
1167 2596 1354 2627 regnorum
1380 2586 1571 2618 divisiones
1595 2592 1729 2618 secutae
1746 2594 1824 2619 sunt
1838 2612 1845 2621 .
1874 2593 1908 2618 ut
1928 2586 1961 2616 in
1982 2582 2058 2614 aliis
2084 2592 2137 2613 re-

241 2634 281 2668 In
305 2647 343 2668 ea
365 2635 525 2678 regione,
554 2635 589 2667 in
614 2648 680 2680 qua
704 2636 809 2668 fuisse
838 2634 1018 2677 Agna-nos
1042 2648 1114 2669 cer·
1164 2637 1258 2678 gnis:
1289 2644 1403 2670 tamen
1421 2636 1675 2669 Saracenorum
1695 2634 2016 2680 principesSult.·=ni
2039 2643 2138 2676 prae-

136 2692 211 2719 tum
236 2693 304 2726 est,
332 2686 480 2720 collocat
507 2684 726 2719 Ptolemaeus
755 2686 965 2727 Saracenos,
993 2695 1023 2722 et
1049 2699 1111 2719 no-
1163 2687 1300 2731 cipuam
1322 2687 1513 2730 potentiam
1533 2687 1569 2720 in
1589 2685 1709 2732 Syria.
1739 2688 1913 2732 Aegypto,
1942 2684 2079 2723 Africa,
2106 2688 2135 2714 et

139 1790 321 1823 nunquam
359 1778 522 1816 legitimis
568 1774 726 1816 imperiis
764 1783 969 1817 paruerunt.
1051 1775 1094 1807 be
1269 1776 1439 1809 Successit
1468 1779 1497 1808 ci
1522 1778 1672 1809 Amiras
1696 1789 1819 1820 gener,
1846 1778 1907 1822 qui
1934 1776 2145 1810 Damascum
