2324 2955
188 113 261 151 591

192 211 297 234 mano
314 196 506 232 Ecclesiam
523 196 667 236 propter
681 189 806 231 filium,
833 194 866 223 et
881 188 925 224 sit
942 188 1047 223 iudex
1064 189 1174 225 iusto-

193 263 270 285 rum
288 256 319 283 et
335 247 559 279 iniustorum.

297 307 354 340 14.
396 302 638 346 Agnoscamus
664 306 780 332 antem
815 305 997 333 aeternum
1030 306 1177 343 patrem,

194 360 316 396 tilium,
334 363 366 389 et
381 354 554 398 Spiritum
573 357 744 388 sanctum,
768 357 807 383 ut
824 350 861 383 in
879 350 996 383 verbis
1012 350 1176 394 baptismi

191 409 361 443 traditum
377 412 447 446 est,
475 410 508 437 et
533 409 571 436 ut
593 401 798 435 discrimina
820 402 1010 434 traduntur
1028 400 1065 434 in
1082 413 1176 446 sym-

193 460 300 497 bolis,
329 465 360 491 et
379 456 528 489 sciamus
546 465 618 487 non
633 459 770 486 tantum
789 463 861 485 esse
877 452 1022 485 nomina
1040 452 1177 485 diversa

191 512 297 545 nnius
321 518 509 553 personae,
543 505 632 538 sicut
656 504 793 546 fingunt
814 503 925 548 aliqui
951 502 1178 543 ludaisantes,

194 571 226 597 et
243 561 332 596 sicut
350 559 526 598 Servetus,
552 555 614 600 qui
632 555 751 588 furens
766 554 926 588 Lutetiae
942 560 1102 587 mortuus
1119 560 1179 594 est,

194 611 343 656 scripsit.
385 609 453 644 Sed
474 615 542 641 tres
560 618 631 639 esse
650 617 816 650 personas
832 612 871 639 ut
887 604 1007 639 Latini
1023 605 1177 649 loquun-

194 671 271 703 tur,
297 674 357 695 seu
376 660 484 704 magis
501 658 697 704 perspicue,
726 664 763 690 nt
782 656 911 690 Graeci
936 663 1005 689 tres
1021 654 1180 702 ὑφιστα-

196 713 349 758 μένους,
373 712 433 756 qui
450 718 566 745 tamen
582 716 664 741 sunt
688 704 898 752 ὁμοούσιοι,
935 708 1025 740 sicut
1038 709 1082 739 de
1106 706 1180 740 filio

197 775 356 809 expresse
373 763 502 795 dicitur
517 761 554 793 iu
570 760 730 805 symbolo
748 758 881 792 Niceno
893 785 902 799 ,
925 765 959 791 et
984 759 1027 791 de
1044 757 1180 801 Spiritu

194 822 313 850 sancto
330 814 449 858 inquit
466 809 708 856 Epiphanius:
737 811 885 853 πνεῦμα
901 807 1019 847 ὄντως
1035 808 1073 842 ἐκ
1089 808 1181 842 θεοῦ

196 864 257 901 καὶ.
275 864 343 900 οὐκ
362 860 556 909 ἀλλότριον
569 859 707 907 πατρὸς
722 859 783 895 καὶ
800 859 885 894 υἱοῦ
897 858 968 894 ἀλλ’
981 855 1181 904 ὁμοούσιον

195 914 306 962 πατρὶ
324 913 387 971 κςῖι
402 914 484 961 υἱῷ.

299 973 358 1009 15.
385 974 490 1008 Pater
507 980 557 1006 est
576 972 688 1015 prima
705 982 853 1014 persona
872 969 1080 1007 divinitatis,
1110 980 1182 1001 non

198 1035 276 1061 nata
303 1038 366 1059 nec
391 1025 585 1070 procedens
609 1023 653 1055 ab
670 1022 757 1062 alia,
783 1022 841 1054 sed
857 1033 874 1054 a
894 1033 962 1065 qua
980 1021 1024 1053 ab
1041 1027 1182 1053 aeterno

197 1079 336 1121 genitus
364 1083 414 1109 est
438 1074 532 1109 filius
554 1075 667 1115 imago
687 1072 816 1115 patris,
843 1079 875 1105 et
894 1070 1052 1115 procedit
1069 1069 1185 1113 Spiri-

198 1137 255 1163 tus
273 1134 430 1165 sanctus,
458 1137 546 1170 quae
562 1137 639 1157 cum
660 1122 733 1156 filio
751 1130 782 1156 et
799 1122 936 1166 Spiritu
963 1128 1082 1154 sancto
1100 1132 1185 1152 con-

199 1180 293 1213 didit
318 1178 455 1211 coelum
480 1183 513 1210 et
535 1183 685 1215 terram,
720 1181 753 1208 et
782 1184 902 1207 omnes
930 1179 1123 1211 creaturas,
1152 1177 1185 1203 et

198 1242 254 1265 eas
271 1235 464 1264 conservat.

300 1287 360 1322 16.
399 1287 514 1320 Filius
539 1291 589 1318 est
614 1284 764 1316 secunda
796 1294 946 1327 persona
978 1280 1186 1320 divinitatis,

199 1352 286 1386 qnae
304 1345 355 1372 est
373 1336 613 1371 substantialis
630 1341 661 1367 et
679 1334 813 1376 integra
830 1333 944 1376 imago
969 1332 1102 1365 aeterni
1124 1344 1187 1375 pa-

199 1391 272 1431 tris,
290 1401 395 1435 quam
414 1394 511 1432 pater
529 1398 601 1419 sese
616 1385 756 1419 intuens
777 1392 808 1418 et
824 1384 1050 1417 considerans
1063 1382 1187 1426 gignit,

198 1453 286 1488 quae
305 1441 406 1473 nobis
422 1438 565 1486 quidem
582 1436 630 1469 sic
646 1435 902 1475 manifestatur,
930 1434 1025 1479 quod
1049 1433 1093 1466 sit
1108 1444 1188 1476 per-

200 1504 299 1530 sona,
325 1503 388 1536 per
406 1501 513 1535 quam
532 1495 630 1532 pater
648 1485 733 1519 dicit
751 1486 928 1519 decretum
946 1491 979 1518 et
995 1491 1108 1518 totum
1129 1495 1188 1516 or-

199 1544 318 1577 dinem
336 1539 522 1575 creationis
539 1545 571 1571 et
589 1536 820 1582 reparationis
835 1534 1034 1575 hominum,
1055 1541 1087 1567 et
1106 1534 1187 1567 mit—

201 1594 289 1629 titur
305 1599 343 1626 ut
357 1590 541 1636 patefaciat
557 1587 806 1631 Evangelium,
834 1594 866 1620 et
884 1587 1045 1619 adsumat
1061 1582 1186 1617 huma-

201 1657 282 1678 nam
302 1650 484 1682 naturam,
513 1647 545 1674 et
561 1639 605 1673 sit
615 1638 811 1678 Mediator,
838 1636 1032 1671 Redemtor
1051 1642 1083 1668 et
1104 1634 1184 1668 Sal-

201 1703 311 1730 vator.

307 1751 362 1786 17.
396 1749 551 1793 Spiritus
575 1753 716 1781 sanctus
736 1752 786 1779 est
811 1745 913 1779 tertia
931 1756 1078 1789 persona
1096 1743 1188 1777 divi-

202 1804 339 1843 nitatis,
367 1801 560 1845 procedens
580 1811 599 1832 a
617 1805 714 1842 patre
733 1804 766 1830 et
782 1795 876 1837 filio,
904 1803 937 1829 et
959 1803 1009 1829 est
1024 1795 1188 1828 substan-

205 1855 299 1888 tialis
327 1864 425 1886 amor
449 1858 481 1884 et
505 1850 643 1884 laeticia
668 1855 850 1882 coaeterna
875 1847 968 1880 inter
993 1853 1126 1890 patrem
1156 1853 1188 1879 et

203 1906 328 1945 filium,
356 1911 389 1937 et
406 1901 509 1935 nohis
526 1902 573 1934 sic
589 1900 808 1933 manifestata
827 1904 888 1937 est,
916 1898 1010 1943 quod
1028 1897 1189 1930 mittatur

202 1957 238 1990 in
257 1956 362 1990 corda
380 1953 620 1991 credentium,
646 1957 685 1984 ut
703 1950 789 1984 tales
813 1955 950 1989 motus,
978 1960 1131 1981 amorem
1156 1955 1188 1981 et

202 2007 374 2041 laeticiam
400 2003 678 2049 acquiescentem
705 2001 741 2033 in
764 2000 840 2035 Deo
870 2000 907 2032 in
932 1999 981 2032 eis
1012 1999 1188 2039 accendat,

203 2057 318 2103 qualis
336 2062 385 2088 est
402 2055 495 2099 ipse,
522 2054 611 2087 sicut
625 2053 661 2086 2.
680 2051 774 2086 Tim.
795 2052 828 2085 1.
845 2062 1003 2095 expresse
1019 2049 1186 2093 scriptum

204 2117 271 2143 est:
307 2107 388 2141 Non
412 2106 510 2139 dedit
530 2104 634 2137 nobis
655 2102 752 2136 Deus
775 2102 946 2146 Spiritum
977 2100 1188 2140 timiditatis,

204 2161 261 2193 sed
283 2158 440 2198 roboris,
468 2164 500 2190 et
516 2154 717 2189 dilectionis
733 2160 766 2186 et
791 2151 1061 2187 castificationis.

310 2217 365 2251 18.
400 2215 494 2259 Quia
512 2214 607 2248 Deus
628 2212 769 2257 agnosci
787 2212 918 2252 voluit,
944 2211 1063 2256 aliquo
1083 2211 1188 2244 modo

208 2269 319 2313 pinxit
337 2265 421 2300 haec
439 2265 641 2300 discrimina
662 2265 697 2296 in
714 2271 839 2298 natura
863 2261 1036 2301 hominis,
1065 2262 1103 2294 in
1121 2274 1189 2306 qua

207 2318 291 2353 haec
320 2318 384 2351 tria
411 2325 492 2351 sunt
519 2316 720 2361 praecipua:
755 2326 871 2355 mens,
905 2313 1070 2357 cogitatio
1101 2325 1190 2358 qnae

208 2378 255 2403 est
277 2370 389 2411 imago
408 2369 457 2401 rei
475 2368 660 2411 cogitatae,
687 2378 748 2400 seu
764 2366 911 2399 verbum
935 2365 1115 2409 proferens
1133 2376 1192 2397 co—

208 2422 332 2465 gitatas
351 2419 528 2462 imagines.
584 2417 670 2451 Item
696 2424 829 2457 motus,
856 2429 974 2457 amor,
1003 2415 1137 2448 laeticia
1154 2415 1191 2447 in

209 2472 411 2511 voluntate,
452 2477 485 2503 et
509 2469 663 2513 Spiritus
693 2468 731 2501 in
763 2469 867 2502 corde
900 2473 1096 2507 nascentes,
1130 2466 1191 2511 qui

208 2528 291 2557 sunt
305 2521 466 2554 flammae
483 2520 610 2553 cientes
632 2527 779 2554 motum.

316 2579 376 2615 19.
416 2577 463 2612 Et
488 2579 523 2611 in
550 2576 616 2611 hoc
641 2579 820 2612 domicilio
843 2577 938 2611 fulsit
957 2583 1037 2610 ante
1056 2576 1191 2620 lapsum

211 2631 360 2666 illustris
376 2630 506 2663 noticia
524 2627 609 2669 Dei,
636 2640 775 2662 accensa
795 2641 857 2673 per
880 2629 1048 2668 verbum,
1076 2634 1194 2660 osten-

211 2685 297 2718 dens
322 2688 535 2719 creatorem,
581 2692 619 2713 ac
647 2679 808 2713 voluntas
833 2687 866 2714 et
890 2680 994 2713 corda
1018 2676 1195 2712 habebant

956 101 1444 140 DISPUTATIONES

2134 103 2210 143 592

1227 190 1391 223 ardentes
1409 194 1526 222 motus
1542 199 1623 234 erga
1638 187 1766 232 Deum,
1781 201 1943 225 accensos
1959 202 2020 236 per
2036 189 2211 237 Spiritum

1226 247 1396 275 sanctum.

1325 291 1387 324 20.
1422 289 1474 324 Ita
1500 297 1585 324 tunc
1607 297 1683 325 erat
1707 288 1814 325 homo
1837 291 1952 336 imago
1969 291 2036 326 Dei
2050 292 2213 327 nondum

1227 347 1409 385 corrupta,
1449 353 1519 386 quo
1543 342 1587 375 ad
1613 341 1864 382 substantiam,
1899 350 1933 377 et
1956 355 2026 388 quo
2052 344 2095 376 ad
2119 343 2214 377 dona

1227 392 1346 425 addita
1360 392 1574 426 substantiae
1588 391 1717 437 ,lnunc
1733 399 1811 436 post
1826 393 1963 437 lapsum
1979 400 2097 428 tamen
2113 404 2213 426 mens

1227 450 1261 476 et
1279 454 1380 475 verae
1404 443 1556 476 noticiae
1579 443 1616 475 in
1637 449 1752 476 mente
1772 444 1971 478 testimonia
1988 451 2089 483 sunt,
2116 444 2213 488 quod

1228 494 1272 526 sit
1295 492 1410 534 Deus,
1443 500 1476 526 et
1501 494 1596 538 quod
1619 493 1664 526 sit
1694 494 1842 527 essentia
1870 494 2088 539 intelligens,
2118 505 2213 534 vera,

1229 545 1340 585 bona,
1382 543 1492 586 iusta,
1541 544 1713 585 benefica,
1760 551 1871 586 casta,
1919 545 2066 587 vindex,
2105 545 2213 579 scele-

1229 607 1308 629 rum
1324 601 1387 628 etc.

1331 646 1393 679 21.
1419 643 1465 679 Et
1483 657 1583 679 amor
1600 645 1637 678 in
1653 643 1728 679 Deo
1747 657 1826 689 erga
1842 651 2004 679 naturam
2023 641 2215 678 humanam

1230 697 1268 730 in
1285 694 1340 729 his
1354 696 1533 730 beneficiis
1551 696 1655 730 etiam
1673 696 1950 730 considerandus
1966 702 2026 735 est,
2052 695 2148 740 quod
2165 705 2217 735 ea,

1231 760 1319 793 quae
1340 747 1377 780 in
1395 748 1469 791 ipso
1486 746 1561 780 Deo
1580 754 1661 780 sunt
1677 747 1822 791 optima,
1854 747 1958 780 nobis
1975 745 2215 780 communica-

1233 799 1302 838 vit,
1352 799 1483 831 scilicet
1516 798 1742 842 sapientiam,
1791 798 1966 831 iusticiam
1979 824 1988 839 ,
2030 796 2217 834 laeticiam,

1233 856 1265 883 et
1289 849 1488 896 libertatem
1513 848 1724 887 voluntatis,
1752 848 1825 882 imo
1840 860 1875 881 se
1895 849 2009 893 ipsum
2026 847 2130 880 nobis
2153 845 2217 880 tri-

1233 901 1331 941 buit,
1359 900 1440 945 quia
1465 900 1502 932 in
1529 900 1631 933 nobis
1650 906 1690 932 ut
1713 899 1750 931 in
1766 899 1897 943 templo
1915 911 1979 932 suo
1996 896 2219 932 habitaturus

1234 958 1319 986 erat.

1334 1002 1396 1036 22.
1423 1000 1494 1035 Sed
1513 1000 1621 1044 magis
1642 1000 1858 1044 conspicitur
1876 1011 1975 1033 amor
1992 999 2029 1032 in
2046 997 2218 1032 beneficio

1234 1052 1549 1089 reconciliationis,
1572 1052 1653 1096 quia
1671 1059 1747 1095 post
1763 1051 1900 1095 lapsum
1918 1051 2080 1084 misertus
2097 1048 2222 1089 nostri,

1235 1102 1343 1135 mittit
1367 1102 1479 1134 filium
1506 1108 1538 1134 et
1554 1101 1726 1144 Spiritum
1755 1108 1915 1135 sanctum
1935 1102 1977 1134 ad
1996 1111 2060 1133 nos
2079 1100 2222 1132 salvan-›

1236 1154 1311 1188 dos.
1365 1151 1462 1186 Duae
1479 1158 1562 1185 sunt
1582 1151 1677 1184 enim
1694 1162 1864 1195 personae
1878 1152 2016 1183 missae.

1337 1204 1399 1238 25.
1436 1201 1548 1235 Filius
1574 1202 1690 1236 statim
1708 1202 1752 1235 ab
1771 1201 1874 1236 initio
1891 1202 2025 1246 profert
2042 1200 2221 1233 decretum

1237 1255 1279 1287 de
1296 1253 1530 1294 redemtione,
1554 1265 1632 1286 cum
1649 1252 1782 1297 inquit:
1810 1252 1939 1287 Semen
1962 1251 2121 1285 mulieris
2137 1262 2222 1284 con-

1237 1304 1388 1338 culcabit
1412 1311 1516 1348 caput
1540 1304 1729 1347 serpentis,
1763 1314 1802 1335 ac
1827 1303 1959 1335 dicitur
1982 1302 2075 1335 filius
2100 1297 2222 1349 λόγος,

1238 1368 1312 1388 non
1337 1361 1473 1388 tantum
1497 1360 1653 1396 respectu
1669 1352 1805 1396 'patri5,
1832 1353 1913 1397 quia
1931 1364 2010 1386 cum
2028 1353 2072 1385 sit
2089 1352 2224 1395 integra

1238 1407 1352 1448 imago
1376 1405 1502 1448 patris,
1529 1404 1739 1447 cogitatione
1761 1403 1936 1447 nascitur,
1964 1403 2025 1436 sed
2047 1402 2152 1436 etiam
2167 1402 2223 1435 di-

1239 1457 1330 1490 citur
1347 1451 1455 1502 λόγος
1473 1461 1628 1499 respectu
1648 1454 1778 1494 nostri,
1804 1454 1888 1498 quia
1912 1453 2044 1497 profert
2061 1450 2223 1495 Evange-

1238 1507 1345 1547 lium,
1372 1517 1411 1538 ex
1428 1517 1555 1539 arcano
1573 1505 1721 1538 consilio
1738 1504 1872 1538 aeterni
1890 1503 2016 1548 patris,
2040 1509 2223 1536 conservat

1238 1556 1473 1589 ministerium
1484 1554 1678 1598 Evangelii,
1692 1555 1777 1588 dicit
1793 1554 2071 1588 consolationem
2090 1553 2128 1586 in
2145 1565 2224 1587 cor-

1240 1608 1345 1641 dibus
1362 1607 1581 1639 credentium
1600 1618 1684 1638 voce
1701 1604 1909 1648 Evangelii,
1937 1611 1971 1638 et
1989 1604 2144 1637 ostendit
2161 1616 2223 1648 pa-

1242 1666 1350 1698 trem,
1376 1658 1465 1691 sicut
1484 1654 1558 1690 loh.
1577 1657 1608 1691 1.
1625 1656 1791 1700 scriptum
1808 1662 1875 1688 est:
1914 1654 2027 1688 Filius
2046 1654 2107 1698 qui
2122 1660 2172 1688 est
2187 1654 2224 1686 in

1239 1710 1319 1743 sinu
1342 1709 1466 1751 patris,
1492 1708 1565 1752 ipse
1589 1706 1765 1739 enarravit
1788 1705 1914 1744 nobis,
1941 1712 1975 1739 et
1991 1705 2064 1748 ipse
2091 1704 2223 1749 inquit:

1239 1758 1306 1805 τὴν
1326 1756 1446 1804 ἀρχὴν
1461 1756 1515 1793 ὅτι
1534 1755 1596 1791 καὶ
1614 1758 1712 1790 λαλῶ
1734 1753 1840 1800 ὑμῖν.
1889 1755 1993 1789 item:
2021 1754 2134 1788 Nemo
2157 1767 2224 1789 no-

1239 1811 1289 1844 vit
1314 1816 1448 1854 patrem
1472 1808 1540 1842 nisi
1568 1808 1679 1848 filius,
1714 1814 1746 1841 et
1771 1807 1828 1840 cui
1861 1806 1954 1840 filius
1983 1805 2135 1840 voluerit
2167 1818 2224 1839 re·

1239 1862 1368 1895 velare.

1340 1909 1401 1946 24.
1436 1908 1506 1942 Hic
1525 1909 1618 1942 filius
1640 1908 1849 1942 admirando
1877 1907 2025 1941 consilio
2052 1913 2084 1940 et
2108 1918 2225 1941 amore

1240 1962 1352 1996 nostri
1376 1960 1547 1995 adsumsit
1568 1957 1758 1993 humanam
1783 1965 1965 1998 naturam,
1999 1964 2032 1991 et
2055 1958 2227 1992 constitu-

1241 2021 1295 2047 tus
1314 2020 1364 2046 est
1380 2011 1579 2051 Mediator,
1606 2010 1821 2051 Redemtor,
1857 2009 2066 2043 iustificator
2090 2015 2123 2041 et
2146 2007 2226 2042 Sal-

1240 2071 1352 2098 vator.

1342 2111 1401 2148 25.
1444 2110 1516 2145 Nec
1541 2112 1639 2145 adest
1663 2118 1808 2145 naturae
1833 2108 2008 2145 humanae
2035 2123 2139 2156 quam
2162 2111 2225 2143 ad-

1242 2165 1366 2200 sumsit
1382 2169 1520 2197 tantum
1538 2162 1712 2203 societate,
1742 2163 1832 2196 sicut
1849 2163 1946 2195 adest
1962 2159 2143 2201 Abrahae,
2171 2159 2227 2194 la-

1243 2218 1330 2257 cob,
1357 2211 1563 2257 Prophetis,
1591 2213 1680 2247 sicut
1704 2213 1789 2247 dicit
1807 2212 1925 2246 iacob:
1953 2211 2144 2245 Benedicat
2171 2209 2226 2245 his

1247 2267 1365 2313 pueris
1376 2265 1490 2305 Deus,
1516 2271 1548 2298 et
1563 2263 1720 2307 Angelus
1737 2265 1798 2309 qui
1815 2275 1869 2296 me
1887 2275 1925 2295 ex
1943 2263 2110 2295 omnibus
2124 2262 2227 2295 malis

1244 2318 1410 2357 redemit,
1443 2317 1503 2349 sed
1534 2315 1620 2348 unio
1655 2323 1705 2349 est
1729 2312 1944 2360 hypostatica
1968 2315 2035 2347 τοῦ
2057 2310 2171 2360 λόγου
2194 2319 2227 2347 et

1244 2368 1420 2404 humanae
1444 2374 1590 2400 naturae
1615 2367 1812 2405 adsumtae,
1836 2371 1874 2397 ut
1899 2370 2052 2406 gestetur
2070 2361 2226 2398 humana

1244 2428 1370 2455 natura
1389 2431 1406 2452 a
1426 2419 1532 2451 verbo
1551 2429 1625 2451 non
1644 2417 1756 2450 solum
1778 2415 2078 2459 inseparabiliter,
2105 2415 2164 2448 sed
2180 2415 2227 2448 ita

1245 2472 1370 2515 etiam,
1396 2476 1435 2503 ut
1457 2469 1525 2502 nisi
1549 2468 1598 2502 sic
1620 2473 1888 2507 sustentaretur,
1916 2466 1977 2499 illa
1999 2467 2111 2499 massa
2126 2477 2227 2510 pror-

1245 2535 1302 2557 sus
1320 2521 1492 2556 interiret.

1346 2575 1407 2609 26.
1443 2570 1517 2605 Etsi
1535 2568 1732 2612 exemplum
1750 2579 1893 2612 prorsus
1909 2567 2023 2601 simile
2038 2567 2228 2600 monstrari

1246 2637 1318 2659 non
1337 2629 1459 2669 potest,
1472 2629 1588 2655 tamen
1607 2626 1757 2653 vestutas
1772 2631 1833 2652 usa
1849 2627 1897 2653 est
1915 2616 1979 2652 hac
1994 2617 2227 2651 similitudine

1246 2688 1318 2710 esse
1334 2686 1445 2709 unum
1462 2668 1734 2717 ὑφιστάμενον,
1762 2668 1873 2718 λόγον
1899 2676 1931 2704 et
1945 2670 2142 2703 adsumtam
2164 2679 2228 2701 na-
