2324 2955
117 132 189 167 441

218 214 272 248 17.
308 213 428 257 Quare
450 226 529 248 cum
552 213 684 247 Paulus
706 214 816 249 dicat:
843 214 880 249 Si
903 214 981 260 quis
1002 213 1100 247 aliud

111 264 345 309 Evangelium
364 265 540 305 docuerit,
568 263 755 299 anathema
774 266 835 307 sit,
862 266 1011 299 sciamus
1027 276 1099 297 non

112 328 212 362 posse
236 328 309 350 esse
331 317 487 350 membra
512 313 644 350 Christi
668 317 777 358 ullos,
805 317 866 362 qui
892 323 952 350 aut
975 316 1100 349 fovent

112 374 172 402 aut
205 368 354 412 probant
385 367 470 400 tales
496 367 623 413 impios
647 366 838 406 Doctores,
871 368 991 413 quales
1018 371 1100 400 sunt

110 416 236 452 Eccius
254 424 287 451 et
304 417 378 451 eius
397 415 607 464 Thyasotae.

111 542 212 589 (ΙΙΙ.)
247 545 320 579 Ali
331 557 353 579 α
389 544 681 591 disputatio:
716 544 762 580 cle
780 549 934 590 peccalo
950 544 1093 588 reliquo

493 599 534 630 in
556 598 710 630 renatis.

110 665 255 705 lilultae
276 682 397 714 graves
419 677 453 705 et
473 683 619 715 magnae
641 684 764 706 causae
783 679 883 711 sunt,
911 681 1018 716 quare
1037 681 1098 702 ne-

109 722 268 765 cessesit
284 721 401 755 doceri
417 720 610 765 Ecclesias,
637 725 732 769 quod
750 724 787 757 in
806 722 936 757 renatis
953 722 996 755 sit
1014 720 1098 753 reli-

109 785 218 818 quum
235 779 427 817 peccatum.

208 824 245 859 2.
271 822 360 857 Nam
377 824 438 869 qui
454 823 591 868 fingunt
606 831 747 859 renatos
762 824 837 857 sine
853 829 993 868 peccato
1012 833 1098 863 esse,

108 873 346 918 imaginantur
364 887 422 908 eos
440 875 508 918 legi
526 874 593 909 Dei
611 876 826 916 satisfacere,
853 882 886 908 et
904 872 993 907 hanc
1011 886 1098 919 qua-

106 926 316 971 lemcunque
334 926 572 960 obedientiam
590 938 662 959 esse
679 927 764 970 legis
782 926 1038 970 impletionem.

210 984 242 1017 3.
287 984 341 1018 Ita
370 984 545 1018 amittitur
577 984 768 1018 discrimen
801 984 894 1018 inter
928 983 1097 1018 iustitiam

106 1032 409 1080 philosophicam,
444 1041 478 1068 et
509 1035 679 1069 iustitiam
711 1035 792 1068 fidei
824 1042 857 1069 et
889 1036 1098 1069 obscuratur

105 1086 266 1120 doctrina
289 1086 333 1119 de
358 1085 495 1119 iusticia
518 1086 618 1127 fidei,
645 1086 798 1132 denique
822 1083 990 1120 horribili
1013 1086 1098 1120 cali—

105 1138 184 1180 gine
201 1136 366 1170 obruitur
382 1134 627 1180 Evangelium.

209 1195 244 1232 4.
278 1196 331 1229 Ac
354 1208 399 1228 ne
422 1195 508 1241 quid
526 1196 655 1229 erroris
671 1195 716 1230 sit
732 1196 770 1228 in
786 1196 1098 1240 appellationibus,

105 1248 261 1292 primum
286 1247 416 1279 definio
440 1252 622 1291 peccatum
645 1257 718 1279 esse
740 1247 933 1288 defectum,
961 1254 1021 1280 aut
1042 1240 1098 1279 in-

107 1298 355 1336 clinationem,
381 1303 441 1330 aut
456 1297 631 1330 actionem
647 1296 686 1330 in
703 1297 905 1337 voluntate,
931 1304 993 1330 aut
1010 1297 1097 1329 viri-

108 1349 174 1380 bus
199 1347 544 1391 obtemperantibus,
577 1353 792 1390 pugnantem
816 1358 894 1379 cum
921 1347 994 1390 lege
1019 1346 1098 1386 Dei,

109 1398 346 1432 offendentem
370 1396 507 1438 Deum,
541 1409 601 1431 seu
631 1404 891 1441 promerentem
919 1398 1008 1430 iram
1033 1397 1097 1431 Dei

107 1456 140 1481 et
164 1454 321 1481 aeternas
345 1458 494 1490 poenas,
518 1447 586 1479 nisi
611 1447 717 1479 suerit
740 1447 828 1479 sacta
852 1448 1012 1479 remissio
1037 1458 1098 1479 seu

107 1497 332 1532 condonatio.
384 1495 480 1530 Haec
504 1503 555 1530 est
578 1507 660 1529 vera
687 1501 720 1529 et
736 1496 920 1540 perspicua
938 1497 1097 1530 definitio

105 1548 248 1593 peccati.

209 1597 242 1633 5.
278 1595 430 1631 lWanent
446 1603 562 1630 autem
583 1596 621 1629 in
640 1596 788 1636 renatis,
814 1596 925 1639 caligo
944 1597 981 1629 in
998 1608 1098 1629 men-

109 1658 159 1690 te,
186 1661 275 1694 quae
300 1648 392 1692 parit
415 1646 653 1681 dubitationes
678 1648 719 1680 de
739 1647 810 1681 Deo
826 1645 1035 1687 horribiles,
1064 1654 1099 1680 et

110 1702 145 1732 in
167 1700 348 1733 voluntate
366 1698 521 1731 defectus
539 1698 675 1730 timoris
691 1704 726 1732 et
739 1698 871 1731 amoris
886 1709 966 1741 erga
982 1696 1099 1732 Deum

110 1758 143 1784 et
163 1750 264 1783 multi
286 1748 406 1782 viciosi
423 1748 593 1792 impetus,
619 1755 737 1782 manet
754 1756 787 1784 et
805 1749 1024 1782 contumacia
1042 1749 1100 1781 in-

108 1801 277 1835 feriorum
303 1799 453 1840 virium,
480 1809 566 1843 quas
588 1799 770 1840 voluntas,
796 1806 835 1832 ut
853 1800 1016 1840 deberet,
1043 1811 1100 1832 re-

109 1864 189 1896 gere
213 1863 286 1885 non
310 1856 438 1894 potest,
464 1861 528 1882 nec
546 1848 639 1893 ipsae
655 1850 922 1894 obtemperant,
950 1851 1009 1884 sed
1029 1850 1099 1884 ser-

108 1911 166 1937 tur
184 1902 283 1947 equis
299 1900 418 1943 auriga
430 1927 439 1941 ‚
466 1912 529 1933 nec
547 1900 645 1933 audit
663 1912 786 1934 currus
805 1898 972 1935 habenas.

211 1961 246 1997 6.
281 1959 353 1994 Nec
376 1959 491 1992 ociosa
511 1965 561 1992 cst
579 1956 662 1992 haec
681 1966 826 1993 naturae
843 1960 1012 2003 pravitas,
1038 1960 1097 1992 sed

111 2012 257 2046 adsidue
281 2011 372 2055 parit
390 2010 539 2043 viciosos
555 2016 691 2050 motus,
718 2011 978 2051 dubitationes,
1005 2010 1100 2043 disfi-

111 2063 286 2102 ‹lentiam‚
313 2061 488 2094 carnalem
504 2060 736 2102 securitatem,
763 2074 918 2094 amorem
934 2068 967 2095 et
984 2062 1100 2094 admi-

110 2114 282 2148 rationem
300 2112 353 2145 sui
366 2139 375 2152 ,
402 2111 557 2145 admittit
574 2111 754 2145 illecebras
769 2112 987 2145 inconcessas
1004 2119 1067 2147 etc.

213 2171 246 2206 7.
280 2170 375 2204 llaec
398 2171 511 2208 mala,
540 2167 605 2203 hoc
628 2177 696 2210 est,
722 2171 794 2214 ipsa
819 2178 962 2205 naturae
984 2172 1100 2216 pravi-

111 2232 178 2265 tas,
203 2229 237 2256 et
260 2229 376 2256 motus
399 2222 481 2254 inde
502 2221 570 2253 orti
590 2220 692 2254 etiarn
713 2222 748 2254 in
767 2223 915 2261 renatis,
939 2229 1019 2256 sunt
1039 2235 1099 2257 sua

111 2281 234 2309 natura
249 2279 406 2318 peccata,
432 2272 568 2306 etiamsi
587 2273 834 2306 condonantur
851 2274 990 2307 renatis.

214 2332 247 2368 8.
282 2331 429 2375 Magnes
446 2337 495 2364 est
512 2332 599 2375 lapis
615 2329 757 2364 trahens
772 2332 901 2365 serrum
914 2360 922 2373 ‚
951 2332 1016 2365 nisi
1036 2333 1101 2365 im-

113 2384 289 2429 pediatur:
324 2383 353 2416 si
380 2382 464 2416 allio
489 2382 595 2416 suerit
620 2382 768 2420 tinctus,
802 2395 872 2416 non
899 2381 1007 2417 trabit
1032 2384 1101 2417 ser-

112 2447 209 2475 rum,
236 2440 268 2468 et
287 2439 402 2466 tamen
420 2440 544 2467 natura
563 2433 732 2477 magnetiS
750 2441 876 2467 manet.

215 2492 249 2528 9.
287 2491 336 2525 lta
358 2499 449 2526 recte
469 2498 502 2526 et
521 2492 624 2536 plane
644 2493 837 2537 loquuntur
854 2491 1050 2537 Prophetae
1068 2501 1101 2528 et

116 2543 295 2588 Apostoli,
331 2555 409 2575 cum
441 2543 540 2577 iustis
572 2543 732 2577 tribuunt
762 2549 951 2587 peccatum.
1011 2543 1100 2578 Nam

114 2601 292 2640 peccatum
317 2601 383 2631 est,
411 2594 503 2638 quod
530 2601 661 2638 pugnat
685 2607 763 2627 cum
789 2595 860 2636 logi·
878 2594 961 2634 Dei,
987 2595 1101 2628 ossen-

114 2647 165 2679 ‹tit
181 2644 314 2682 Deum,
342 2656 402 2676 seu
428 2651 580 2677 merctur
601 2645 688 2679 iram
709 2646 771 2679 Dei
789 2653 817 2678 ct
840 2653 998 2679 aeternas
1018 2659 1099 2690 poc-

116 2708 197 2735 nas,
227 2695 295 2728 nisi
313 2695 418 2729 suerit
435 2695 628 2731 remissum.

749 127 1013 164 PIIILIPPI
1055 124 1505 165 MELANTHONIS.

2069 132 2141 166 442

1258 214 1315 250 10.
1355 214 1479 249 Manet
1504 223 1627 250 natura
1648 217 1797 260 peccati,
1823 216 1958 250 etiamsi
1981 216 2139 249 remissio

1152 265 1302 304 accedit,
1337 278 1404 310 qua
1429 267 1496 300 iam
1522 268 1659 300 tollitur
1682 274 1815 308 reatus,
1852 264 1919 300 hoc
1940 273 2009 305 est,
2044 265 2139 299 Deus

1152 314 1252 348 irasci
1278 317 1426 358 desinit,
1454 324 1486 350 et
1513 319 1762 362 obligationem
1786 319 1830 351 ad
1855 329 2004 363 poenam
2029 324 2139 351 aeter—

1151 377 1232 399 nam
1252 367 1376 400 aufert.

1256 424 1313 457 11.
1355 424 1450 458 Ilaec
1476 427 1633 460 faciliora
1659 435 1693 461 et
1717 427 1876 472 planiora
1901 433 2000 467 sunt,
2033 438 2139 472 quarn

1150 486 1238 520 quae
1261 476 1305 509 ab
1328 476 1406 509 aliis
1431 477 1473 509 dc
1496 478 1670 512 materiali
1694 485 1726 511 et
1746 475 1971 523 formalighoc
1990 478 2066 511 loco
2085 478 2139 510 di-

1150 532 1289 560 cuntur.

1256 578 1313 613 12.
1356 576 1425 611 Sed
1455 590 1499 611 ne
1529 580 1572 612 de
1604 579 1775 612 vocabulo
1806 578 1990 611 videamur
2022 579 2140 617 rixari,

1151 627 1240 661 illud
1266 629 1503 670 defendimus,
1537 628 1726 675 Reliquam
1750 630 1787 662 in
1810 628 1938 662 renatis
1962 629 1999 661 in
2023 635 2139 661 mente

1151 679 1349 722 caliginem,
1378 680 1415 712 in
1432 680 1623 720 voluntate,
1651 688 1684 714 et
1699 680 1855 725 appetitu
1871 679 2038 713 sensitivo
2056 690 2141 711 con-

1150 731 1337 763 tumaciam
1364 743 1424 764 seu
1448 732 1788 776 concupiscentiam,
1822 737 1861 764 ut
1891 737 2033 769 vocant,
2066 741 2139 761 non

1150 792 1221 814 esse
1240 782 1408 826 quiddam
1428 780 1640 829 ἀδιάφορον
1654 790 1714 817 aut
1731 793 1880 826 poenam
1899 788 2054 820 tantum,
2081 781 2141 813 sed

1150 831 1320 876 quiddam
1344 845 1506 877 pugnans
1528 846 1607 867 cum
1631 834 1705 877 lege
1722 832 1810 875 Dei,
1837 833 1879 865 ‹le
1903 844 1972 877 quo
1995 831 2064 864 fide
2080 842 2140 874 pe-

1150 889 1242 924 tere,
1269 890 1301 916 et
1326 884 1490 927 amplecti
1518 885 1814 918 condonationem
1839 884 2026 922 debemus,
2053 881 2140 914 sicut

1150 933 1267 979 inquit
1283 933 1520 977 Augustinus:
1548 935 1673 969 Manet
1695 935 1902 973 infirmitas,
1928 935 1969 967 de
1994 944 2061 978 qua
2079 944 2141 976 pe-

1150 986 1297 1019 tendum
1316 991 1385 1023 est,
1413 983 1562 1019 Dimitte
1579 986 1683 1019 nobis
1699 986 1814 1019 debita
1833 992 1967 1018 nostra.

1254 1044 1310 1078 13.
1353 1043 1525 1087 Quotidie
1556 1057 1634 1078 cum
1668 1044 1794 1089 incipis
1828 1044 2064 1087 precationem
2099 1041 2139 1073 ad

1149 1093 1285 1136 Deum,
1329 1095 1500 1139 obstrepit
1537 1096 1670 1139 agnitio
1710 1095 1873 1139 propriae
1908 1092 2139 1136 indignitatis.

1149 1144 1218 1178 llic
1235 1146 1417 1179 fatendum
1435 1153 1505 1184 est,
1531 1143 1616 1180 haec
1633 1147 1725 1179 mala
1743 1157 1815 1179 esse
1833 1151 1970 1190 peccata
1982 1171 1990 1184 ,
2017 1151 2051 1177 et
2068 1155 2141 1176 cre-

1150 1196 1305 1229 dendum
1317 1221 1326 1235 ,
1354 1198 1447 1241 quod
1471 1204 1615 1242 propter
1633 1197 1744 1231 filium
1762 1197 1828 1231 Dei
1845 1208 1924 1228 vere
1944 1196 2143 1239 placeamus

1149 1245 1244 1288 Deo,
1271 1254 1303 1281 et
1324 1247 1571 1288 exaudiamur,
1598 1261 1671 1282 non
1688 1255 1833 1292 propter
1849 1253 2003 1280 nostram
2023 1245 2142 1287 ‹ligni-

1149 1304 1267 1331 tatem.

1255 1345 1314 1381 14.
1364 1346 1460 1380 Ilaec
1494 1348 1657 1381 exercitia
1688 1348 1871 1391 ignorant,
1912 1347 1972 1392 qui
2004 1352 2141 1380 tantum

1150 1409 1301 1442 poenam
1319 1403 1352 1431 et
1364 1394 1575 1444 ἀδιάφοροι]
1587 1410 1659 1431 esse
1671 1399 1991 1442 concupiscentiam
2005 1403 2140 1441 putant.

1255 1454 1313 1490 15.
1355 1455 1533 1490 Vocamus
1555 1463 1672 1490 autem
1698 1457 2035 1502 concupiscentiam,
2070 1468 2142 1488 non

1151 1505 1386 1548 appetitiones
1417 1506 1530 1549 ipsas,
1563 1514 1623 1541 aut
1646 1505 1806 1553 στοργάς
1829 1508 1988 1541 conditas
2015 1518 2034 1539 a
2059 1506 2143 1543 Deo,

1151 1556 1210 1588 sed
1229 1555 1531 1598 depravationem.

1258 1613 1316 1647 16.
1352 1612 1533 1648 Invocatio
1561 1615 1596 1647 in
1617 1616 1859 1657 dubitatione,
1886 1614 1951 1649 hoc
1970 1623 2037 1655 est,
2064 1627 2141 1648 cum

1151 1664 1291 1698 dubitat
1313 1676 1433 1705 mens,
1468 1677 1513 1698 an
1532 1664 1628 1699 Deus
1654 1667 1719 1700 tibi
1746 1667 1924 1700 invocanti
1952 1668 1996 1701 sit
2022 1667 2143 1710 propi-

1152 1715 1244 1756 cius,
1271 1721 1322 1748 est
1336 1713 1549 1750 Academica
1577 1723 1609 1750 et
1632 1717 1738 1762 impia
1763 1718 1960 1759 invocatio,
1995 1729 2066 1750 non
2093 1724 2143 1750 est

1151 1766 1266 1800 cultus
1282 1764 1369 1799 Dei.

1258 1816 1314 1851 17.
1349 1816 1439 1850 Nam
1464 1817 1500 1850 in
1527 1818 1752 1853 invocatione
1774 1831 1911 1864 semper
1925 1825 2063 1863 oportet
2082 1830 2144 1862 per

1152 1867 1382 1900 mediatorem
1415 1865 1596 1902 Christum
1630 1876 1765 1912 petere,
1814 1877 1849 1904 et
1880 1871 1947 1904 fide
1979 1877 2143 1907 statuere,

1153 1918 1245 1962 quod
1257 1916 1354 1952 Deus
1370 1918 1412 1951 sit
1430 1919 1495 1952 tibi
1512 1918 1693 1953 invocanti
1710 1921 1906 1964 propicius,
1931 1934 1969 1954 ac
1988 1921 2070 1954 velit
2089 1921 2143 1952 iu-

1154 1969 1289 2009 vocari,
1331 1977 1363 2003 et
1394 1970 1488 2014 quod
1516 1981 1635 2013 preces
1657 1982 1728 2004 non
1756 1972 1799 2005 sit
1827 1972 1966 2011 irritae,
2006 1971 2143 2004 etiamsi

1153 2026 1299 2052 eventus
1333 2020 1368 2052 in
1402 2020 1567 2063 periculis
1603 2033 1790 2064 corporum
1820 2022 1908 2055 alias
1943 2021 2046 2055 aliter
2079 2033 2142 2064 gu-

1154 2071 1288 2104 bernat.

1258 2122 1315 2155 18.
1342 2119 1446 2154 Certo
1464 2128 1579 2154 tamen
1599 2133 1702 2164 agens
1721 2124 1972 2166 poenitentiam
1993 2130 2144 2157 statuere

1154 2171 1276 2213 debet,
1311 2172 1370 2204 sed
1397 2172 1463 2204 fide
1491 2172 1646 2216 accipere
1672 2174 1814 2216 propria
1832 2172 2017 2217 Evangelii
2036 2175 2143 2207 bene-

1154 2223 1245 2263 ficia,
1272 2234 1361 2268 quac
1378 2222 1588 2256 nominatim
1607 2223 1811 2257 iussitDeus
1826 2225 1896 2268 peti
1915 2232 1948 2258 et
1961 2226 2144 2269 expectari.

1155 2274 1319 2308 videlicet
1335 2273 1576 2306 remissionem
1598 2281 1831 2317 pcccatorum,
1850 2276 2144 2312 iustificatiom‘m,

1155 2332 1188 2358 et
1214 2325 1321 2358 vitam
1345 2331 1543 2364 aeternam,
1577 2324 1671 2357 iuxta
1698 2325 1805 2358 illud:
1838 2326 1910 2368 Qui
1936 2327 2078 2360 contidit
2108 2327 2142 2357 in

1154 2374 1366 2415 Dominum,
1395 2387 1467 2408 non
1486 2375 1730 2409 confundetur.

1262 2434 1318 2469 19.
1346 2435 1530 2477 Organum
1546 2434 1745 2475 affectuum,
1772 2436 1976 2481 quiproprii
1990 2444 2144 2481 suntpo·

1155 2486 1284 2519 tentiae.
1306 2486 1509 2525 sentientis,
1546 2492 1594 2518 est
1619 2498 1688 2521 cor,
1766 2486 1954 2532 Postquam
1979 2499 2058 2532 pars
2085 2500 2143 2519 ro-

1154 2548 1324 2578 guoscens
1345 2536 1477 2579 accepit
1501 2536 1697 2577 obiecmm,
1736 2537 1892 2581 Spiritus
1916 2539 2045 2572 feriunt
2073 2550 2144 2575 ror,

1154 2593 1191 2620 ut
1211 2593 1345 2630 expetat
1364 2593 1423 2619 aut
1447 2587 1555 2628 fugiat
1581 2587 1771 2624 obiectum.

1254 2646 1316 2679 20.
1359 2643 1405 2678 Et
1435 2657 1496 2678 cor
1526 2646 1613 2689 rapit
1642 2658 1758 2679 secum
1783 2648 2016 2684 voltum-urin,
2058 2647 2143 2679 sicut

1157 2708 1267 2740 equus
1282 2703 1470 2729 contumax
1494 2707 1675 2732 sessorem.
