2324 2955
118 108 194 146 549

118 193 265 233 veritas,
298 190 346 225 ita
370 190 412 224 ad
438 187 545 224 huius
567 188 697 223 summi
713 187 913 224 Sacerdotis
936 186 1110 234 precatio-

118 255 201 279 nem
227 241 452 285 adiungimus
474 247 554 275 vota
578 246 717 282 nostra,
751 247 785 274 et
806 240 898 274 veris
922 238 1109 284 gemitibus

118 294 290 341 petimus,
321 304 366 326 ne
387 292 479 326 sinat
502 290 659 335 extingui
682 292 796 325 lucem
816 289 1022 336 Evangelii,
1049 289 1109 322 sed

119 356 257 389 semper
277 349 390 378 servet
412 348 549 375 coetum
569 343 606 375 in
623 340 678 376 his
696 342 921 386 regionibus,
948 341 1054 376 etiam
1071 340 1109 373 in

119 408 190 442 quo
207 400 307 428 sonet
321 405 387 427 vox
405 390 591 436 Evangelii
606 393 830 439 incorrupta,
856 399 890 428 et
905 405 923 427 a
939 405 1009 439 quo
1027 402 1110 425 vera

119 444 342 481 invocatione
359 444 506 479 colatur.

220 495 255 530 2.
297 492 363 529 Est
384 501 501 529 autem
525 495 618 529 inter
639 494 827 540 praecipua
850 494 964 540 capita
987 491 1110 528 Evan—

117 546 201 591 gelii
224 546 386 581 doctrina
411 547 455 581 de
476 546 714 591 poenitentia,
740 552 775 580 et
799 546 1006 580 remissione
1029 556 1110 590 pec-

117 604 298 638 catorum,
340 609 447 643 quam
477 597 620 642 quidem
652 597 820 631 omnibus
852 597 889 630 in
921 602 1109 640 conspectu

117 659 256 693 semper
279 659 351 682 esse
373 654 530 692 oportet,
563 647 654 682 sicut
676 654 709 682 et
732 648 824 681 filius
846 646 914 682 Dei
936 657 1109 681 summam

117 697 305 743 Evangelii
335 699 588 743 complectens,
619 698 752 744 inquit:
789 697 840 733 Ite
867 697 1110 743 praedicantes

117 750 157 783 in
181 749 327 783 nomine
348 761 426 784 meo
449 749 704 794 poenitentiam
720 756 754 784 et
768 749 1011 784 remissionem
1028 759 1109 793 pec-

117 807 289 836 catorum.

221 850 256 885 3.
288 848 344 885 Sit
366 850 512 884 infixum
532 850 660 884 animis
679 849 747 885 hoc
765 850 1012 885 iusiurandum
1029 849 1109 884 Dei:

118 900 212 935 Vivo
237 912 319 946 ego,
353 901 438 935 nolo
460 909 610 936 mortem
635 901 847 947 peccatoris,
880 903 940 936 sed
963 907 1003 936 ut
1024 912 1111 935 con-

117 958 277 987 vertatur
292 959 326 987 et
343 952 449 986 vivat.

221 1001 258 1040 4.
290 1001 355 1038 Est
376 1009 494 1038 autem
515 1001 714 1047 copulativa
729 1001 860 1041 oratio,
887 1002 1112 1046 coniungun-

118 1062 178 1090 tur
202 1052 288 1088 haec
311 1054 404 1094 duo,
436 1053 638 1094 conversio,
673 1060 708 1088 et
730 1052 814 1087 vita.
879 1051 993 1087 Nemo
1017 1052 1113 1087 vivet

118 1116 347 1150 perseverans
364 1104 400 1138 in
417 1105 607 1139 sceleribus
624 1110 745 1138 contra
762 1103 1027 1139 conscientiam.

223 1156 259 1192 5.
284 1156 369 1189 Ideo
388 1155 627 1200 poenitentiae
641 1166 703 1188 seu
719 1154 973 1194 conversionis,
999 1153 1113 1199 prima

121 1217 203 1251 pars
218 1218 291 1240 esse
306 1206 473 1240 contritio
489 1213 582 1240 recte
599 1205 741 1240 dicitur.

225 1256 261 1292 6.
287 1255 353 1290 Est
368 1263 485 1290 autem
500 1255 666 1289 contritio
681 1266 761 1288 vere
774 1265 1001 1298 expavescere
1015 1254 1115 1298 agni-

121 1308 220 1342 tione
249 1306 323 1340 irae
345 1305 412 1340 Dei
443 1306 610 1339 adversus
637 1312 757 1339 nostra
782 1311 941 1348 peccata,
975 1312 1009 1339 et
1033 1316 1114 1338 vere

123 1358 245 1393 dolere
275 1362 397 1390 nostra
428 1355 669 1390 inobedientia
700 1354 922 1390 Maiestatem
955 1355 1115 1390 divinam

120 1408 292 1444 offensam
311 1417 396 1442 esse.

227 1456 262 1490 7.
304 1456 395 1490 Vere
415 1455 511 1489 enim
536 1463 570 1489 et
592 1453 812 1489 horribiliter
833 1456 996 1491 irascitur
1019 1455 1116 1490 Deus

123 1507 295 1554 peccatis,
327 1512 360 1540 et
382 1506 471 1539 iram
493 1517 592 1539 suam
615 1506 693 1540 vult
715 1506 881 1550 conspici.
934 1506 1018 1540 Ideo
1042 1518 1116 1539 non

123 1559 241 1594 solum
259 1569 343 1591 voce
361 1556 448 1601 legis
464 1567 542 1590 eam
556 1556 690 1600 arguit,
716 1556 776 1590 sed
793 1556 898 1590 etiam
912 1566 1116 1590 commone-

123 1609 209 1645 facit
232 1619 297 1642 nos
321 1614 418 1642 tanta
445 1607 612 1642 varietate
636 1606 918 1641 tristissimarum
936 1607 1116 1642 calamita-

124 1668 202 1696 tum
225 1659 268 1693 de
293 1669 354 1692 sua
377 1658 441 1695 ira.
494 1656 571 1692 Imo
591 1665 625 1693 et
643 1658 681 1692 in
698 1669 783 1692 voce
799 1655 986 1702 Evangelii
1001 1656 1117 1701 Spiri-

125 1719 183 1747 tus
199 1715 340 1744 sanctus
359 1708 474 1752 arguit
489 1710 666 1743 mundum
684 1709 728 1743 de
743 1712 898 1753 peccato.

229 1760 265 1794 8.
297 1756 374 1792 Etsi
396 1759 434 1790 in
454 1759 705 1796 conversione,
731 1758 769 1790 in
785 1756 865 1791 aliis
881 1756 1050 1797 maiores,
1078 1757 1117 1791 in

125 1810 205 1847 aliis
219 1809 375 1842 minores
390 1813 472 1842 sunt
490 1807 632 1841 dolores
643 1834 653 1849 ,
679 1814 797 1842 tamen
814 1807 853 1841 in
869 1808 1035 1843 omnibus
1052 1809 1118 1843 ali-

126 1872 216 1908 quos
234 1870 307 1894 esse
324 1869 462 1893 necesse
481 1863 542 1893 est.
593 1856 642 1892 Et
657 1865 698 1893 ut
712 1858 857 1892 caeteris
875 1859 1044 1904 peccatis,
1070 1859 1118 1894 ita

127 1911 240 1947 multo
262 1910 373 1954 magis
396 1908 574 1944 securitati
589 1907 686 1944 Deus
709 1909 892 1951 irascitur,
918 1922 1008 1957 quae
1023 1911 1118 1944 iudi-

128 1964 223 1999 cium
240 1960 307 1996 Dei
324 1960 529 1995 contemnit.

231 2013 269 2048 9.
304 2011 388 2046 Ideo
411 2012 506 2056 apud
523 2008 665 2045 Esaiam
687 2010 833 2046 dicitur:
861 2009 919 2046 Ad
942 2023 1047 2057 quem
1062 2023 1119 2046 re·

130 2064 275 2110 spiciam
287 2089 297 2105 ,
323 2063 391 2096 nisi
410 2063 451 2096 ad
471 2068 644 2096 moestum
660 2069 694 2097 et
708 2062 899 2098 contritum
916 2063 1060 2108 spiritu,
1084 2070 1119 2098 et

129 2120 337 2151 trementem
355 2124 532 2147 sermones
547 2114 667 2147 meos?

236 2165 293 2201 10.
325 2162 373 2199 Et
385 2164 473 2198 loel:
502 2163 661 2198 Scindite
675 2165 917 2199 cordavestra.
967 2161 1119 2199 EtPau-

132 2218 187 2252 lus
208 2215 341 2262 inquit:
369 2215 536 2249 'l'risticia
560 2216 753 2250 secundum
767 2214 881 2250 Deum
906 2215 1012 2250 efficit
1034 2227 1119 2261 poe-

131 2267 319 2303 nitentiam
335 2266 379 2300 ad
397 2266 556 2300 salutem.

238 2318 296 2354 11.
330 2316 475 2352 Necesse
491 2324 540 2351 est
555 2316 662 2361 igitur
678 2317 804 2361 corrigi
820 2317 1041 2353 securitatem
1052 2344 1061 2359 ,
1086 2324 1120 2352 et

134 2376 175 2405 ut
196 2367 409 2410 excutiatur,
438 2368 705 2402 commonefacit
726 2380 790 2401 nos
805 2369 1011 2412 magnitudo
1029 2368 1120 2402 cala-

135 2420 310 2454 mitatum.
360 2416 411 2453 Ac
434 2418 529 2454 Deus
553 2419 738 2464 praecipue
757 2416 949 2454 Ecclesiam
974 2419 1122 2454 subiecit

136 2471 253 2512 cruci,
278 2475 317 2503 ut
341 2469 378 2502 in
400 2481 439 2504 ea
461 2470 570 2513 magis
594 2482 698 2515 quam
723 2470 759 2503 in
777 2472 911 2504 mundo
926 2470 1121 2516 conspicia-

137 2529 197 2557 tur
212 2528 245 2556 et
259 2520 424 2554 timeatur
440 2520 492 2554 ira
506 2519 575 2555 Dei
591 2522 757 2555 adversus
772 2528 964 2567 peccatum.

242 2573 300 2607 12.
333 2570 404 2605 Sed
427 2583 562 2606 necesse
579 2580 629 2607 est
644 2573 808 2606 accedere
824 2574 868 2606 ad
885 2572 1024 2606 dolores
1038 2584 1123 2606 con-

140 2622 362 2657 solationem.
415 2620 498 2656 ldeo
528 2624 681 2658 secunda
711 2635 793 2668 pars
824 2624 860 2657 in
894 2624 1124 2658 conversione

140 2680 191 2708 est
208 2673 395 2708 vivificatio
410 2684 499 2718 quae
515 2673 559 2708 sit
571 2674 649 2708 fide.
699 2673 748 2710 Et
761 2675 912 2709 docendi
927 2685 1028 2709 causa
1044 2686 1123 2720 per-

756 101 1018 138 PHlLlPPI
1059 96 1512 138 MELANTHONIS.

2075 102 2153 140 550

1162 184 1282 230 spicue
1321 187 1472 229 dicitur,
1522 188 1712 222 secundam
1746 195 1881 234 partem
1912 188 2150 233 poenitentiae

1162 236 1266 270 fidem
1291 249 1384 279 esse,
1410 251 1479 283 qua
1504 250 1564 273 cor
1587 246 1687 274 tuum
1710 240 1837 274 fiducia
1855 240 1918 273 filii
1937 240 2006 273 Dei
2024 240 2151 283 accipit

1162 288 1423 330 remissionem,
1450 296 1484 324 et
1506 296 1539 323 te
1561 302 1642 324 vere
1664 302 1683 324 a
1699 291 1778 324 Deo
1802 291 1910 335 recipi
1936 291 1973 323 in
1991 290 2151 334 gratiam,

1163 344 1197 373 et
1214 338 1344 373 iustum
1363 340 1519 384 reputari
1536 341 1676 383 statuis,
1701 348 1735 375 et
1751 353 1832 375 vere
1851 342 1976 385 proiici
1994 348 2055 375 tua
2070 353 2151 385 pec·

1162 396 1257 431 cata,
1289 397 1330 424 ut
1353 391 1447 435 apud
1472 389 1673 425 Michaeam
1697 392 1845 432 dicitur,
1869 392 1907 424 in
1930 392 2150 436 profundum

1162 440 1270 474 maris
1281 467 1290 482 ,
1314 453 1386 474 non
1402 449 1546 487 propter
1561 443 1633 476 ulla
1650 450 1769 477 nostra
1784 442 1909 477 merita
1921 469 1930 485 ,
1956 443 2015 476 sed
2039 454 2064 488 g
2075 454 2150 476 ra·-

1163 490 1224 525 tis
1250 499 1395 537 propter
1413 494 1654 529 mediatorem.

1268 543 1327 579 13.
1362 542 1456 577 Haec
1479 545 1564 578 fides
1585 543 1830 588 complectitur
1847 555 1969 577 omnes
1985 545 2151 579 articulos

1163 593 1258 638 fidei,
1285 600 1320 628 et
1337 594 1375 627 in
1393 592 1448 628 his
1465 593 1576 628 hunc:
1604 593 1721 628 Credo
1735 594 1977 628 remissionem
1993 602 2152 639 peccato-

1163 656 1241 679 rum
1253 669 1263 685 ‚
1290 645 1423 680 scilicet
1438 644 1526 679 mihi
1543 657 1683 690 quoque
1698 644 1794 687 dari,
1821 656 1895 678 non
1910 651 2048 679 tantum
2064 646 2153 682 aliis.

1267 694 1325 732 14.
1358 695 1463 730 Fides
1481 697 1518 730 in
1535 695 1696 730 Diabolis
1713 708 1786 729 non
1802 702 1896 729 recte
1913 696 2039 740 accipit
2056 693 2152 730 hunc

1163 746 1370 781 articulum:
1398 746 1514 781 Credo
1538 747 1801 788 remissionem,
1826 747 1908 792 quia
1927 753 2066 780 tantum
2084 753 2153 781 sta-

1163 797 1232 833 tuit
1246 797 1325 832 aliis
1343 798 1432 833 dari.
1484 797 1584 832 Talis
1601 798 1686 832 fides
1705 804 1756 832 est
1774 796 1882 831 Iudae
1897 804 1931 831 et
1945 797 2129 834 similium.

1268 847 1326 885 15.
1360 848 1443 882 Ideo
1465 861 1538 882 non
1561 856 1653 883 recte
1677 849 1825 890 dieitur,
1857 859 1939 882 vera
1963 859 2035 881 esse
2057 848 2156 889 fides,

1164 911 1253 945 quae
1284 906 1334 933 est
1361 899 1400 932 in
1427 911 1500 933 non
1522 900 1720 941 conversis,
1754 900 1837 946 quia
1859 911 1934 933 non
1957 899 2156 934 adsentitur

1163 950 1330 985 omnibus
1348 950 1505 984 articulis
1522 950 1614 985 fidei.

1270 1000 1328 1038 16.
1363 1000 1534 1036 Doctrina
1551 998 1808 1035 monachorum
1827 1013 1917 1047 quae
1937 1001 2034 1035 iubet
2051 1000 2158 1034 dubi-

1164 1058 1238 1085 tare
1255 1053 1298 1084 de
1314 1052 1521 1084 remissione
1538 1058 1760 1094 peccatorum
1772 1079 1782 1093 ,
1808 1059 1841 1086 et
1858 1053 2001 1097 quidem
2017 1052 2054 1084 in
2071 1063 2158 1084 con-

1165 1101 1347 1140 versione,
1388 1100 1488 1135 iubet
1524 1112 1666 1134 manere
1702 1101 1740 1134 in
1776 1102 2019 1143 dubitatione,
2061 1102 2159 1143 falsa,

1167 1153 1276 1197 impia
1294 1159 1328 1187 et
1343 1150 1484 1186 ethnica
1499 1158 1566 1194 est,
1594 1158 1627 1186 et
1641 1164 1678 1185 re
1694 1152 1768 1197 ipsa
1783 1152 1875 1186 delet
1887 1151 2134 1195 Evangelium.

1272 1210 1330 1246 17.
1364 1210 1434 1245 Sed
1460 1210 1540 1244 ideo
1564 1208 1670 1244 habet
1692 1212 1939 1256 applausores,
1965 1211 2047 1256 quia
2073 1223 2159 1244 con-

1167 1261 1262 1306 gruit
1286 1274 1367 1295 cum
1389 1261 1521 1296 iudicio
1545 1261 1711 1303 rationis,
1736 1263 1840 1307 quale
1862 1269 1912 1295 est
1934 1263 1971 1295 in
1993 1260 2057 1296 hac
2075 1262 2159 1295 cali-

1168 1312 1249 1356 gine
1271 1319 1429 1348 naturae.
1480 1311 1621 1354 Cogitat
1640 1313 1733 1345 enim
1750 1324 1850 1346 mens
1865 1310 2040 1353 humana,
2068 1324 2159 1357 quae

1167 1362 1316 1397 stultitia
1344 1363 1400 1396 vel
1425 1362 1624 1405 arrogantia
1652 1369 1702 1397 est
1725 1363 1928 1404 adfirmare,
1962 1363 2058 1408 quod
2083 1361 2159 1396 Deo

1170 1414 1317 1459 placeas.
1370 1412 1461 1456 Quis
1480 1413 1592 1447 cernit
1606 1425 1768 1447 arcanam
1784 1414 1850 1447 Dei
1866 1413 2109 1448 voluntatem?

1274 1473 1332 1507 18.
1374 1471 1450 1507 Imo
1479 1484 1562 1505 vero
1588 1472 1667 1506 ideo
1691 1484 1758 1505 vox
1778 1471 1965 1514 Evangelii
1990 1473 2160 1516 patefacta

1169 1529 1240 1564 est,
1265 1528 1306 1557 ut
1322 1529 1415 1556 certo
1433 1529 1626 1556 statuamus
1640 1534 1704 1556 nos
1720 1522 1841 1566 recipi.
1890 1521 2094 1557 Necessaria
2108 1530 2160 1557 est

1169 1573 1279 1618 igitur
1294 1574 1379 1607 fides
1396 1585 1465 1618 qua
1481 1579 1513 1607 te
1534 1573 1649 1617 ipsum
1665 1572 1774 1617 recipi
1790 1573 1925 1607 statuis.

1272 1632 1332 1668 19.
1365 1631 1442 1666 Hac
1464 1632 1532 1665 fide
1556 1644 1616 1665 cor
1639 1638 1812 1673 erectum,
1839 1632 1964 1675 accipit
1985 1631 2161 1676 Spiritum

1170 1690 1330 1715 sanctum
1354 1689 1387 1715 et
1403 1692 1595 1724 agnoscens
1611 1682 1679 1714 iam
1695 1682 1992 1721 misericordiam,
2020 1683 2161 1717 invocat

1170 1731 1284 1766 Deum
1294 1756 1304 1772 ‚
1331 1731 1459 1766 clamat
1473 1728 1576 1765 Abba
1590 1738 1690 1776 pater
1701 1758 1710 1773 ,
1736 1738 1768 1766 et
1784 1744 1819 1765 se
1827 1731 1903 1766 Deo
1917 1733 2076 1774 subiicit,
2104 1734 2162 1767 in-

1171 1783 1256 1828 cipit
1273 1795 1353 1817 eum
1370 1782 1535 1826 diligere,
1560 1781 1666 1816 habet
1683 1783 1818 1816 bonum
1836 1784 2068 1828 propositum.

1271 1839 1319 1876 Et
1334 1853 1471 1886 semper
1488 1842 1526 1876 in
1544 1839 1609 1876 hac
1622 1842 1695 1877 vita
1711 1854 1792 1876 vera
1809 1850 1859 1877 est
1874 1855 1941 1876 vox
1957 1841 2159 1887 Evangelii:

1170 1893 1260 1928 Fide
1287 1893 1536 1934 iustificamnr,
1568 1893 1605 1926 id
1631 1899 1700 1932 est,
1735 1906 1808 1927 non
1834 1894 1948 1928 solum
1975 1906 2162 1938 praepara-

1171 1956 1272 1986 mur,
1302 1950 1342 1978 ut
1363 1944 1492 1977 deinde
1514 1943 1702 1977 dilectione
1723 1944 1833 1978 simus
1857 1944 1959 1983 iusti,
1988 1945 2047 1977 sed
2070 1956 2161 1978 sem-

1172 2008 1235 2041 per
1250 1995 1434 2029 retinenda
1452 2000 1502 2028 est
1518 1994 1555 2027 in
1572 2005 1740 2028 converso
1757 1992 1842 2028 haec
1856 2006 1937 2027 vera
1954 1995 2161 2036 consolatio,

1172 2058 1323 2093 persona
1346 2052 1398 2080 est
1421 2046 1511 2079 iusta
1535 2045 1620 2087 fide,
1651 2045 1686 2078 id
1710 2052 1778 2086 est,
1806 2045 1931 2079 fiducia
1955 2045 2160 2080 mediatoris

1172 2104 1311 2142 accepta
1328 2096 1404 2131 Deo
1423 2097 1466 2130 ad
1485 2096 1592 2130 vitam
1608 2105 1803 2138 aeternam,
1829 2108 1903 2129 non
1920 2103 2062 2141 propter
2077 2108 2160 2141 pro-

1172 2150 1285 2195 priam
1299 2147 1516 2182 mundiciem
1531 2159 1593 2181 seu
1608 2147 1826 2190 dignitatem.

1273 2208 1335 2244 20.
1368 2206 1471 2240 Ilanc
1488 2206 1764 2240 consolationem
1781 2206 1933 2240 retinere
1947 2217 2084 2240 necesse
2101 2213 2161 2247 est,

1173 2266 1207 2293 et
1229 2265 1269 2293 ut
1293 2271 1360 2292 vox
1385 2256 1571 2303 Evangelii
1595 2258 1808 2297 retineatur,
1836 2263 1868 2290 et
1892 2264 1930 2291 ut
1952 2255 2065 2291 honos
2087 2257 2159 2290 filio

1173 2310 1244 2345 Dei
1271 2310 1411 2343 debitus
1435 2309 1630 2350 tribuatur,
1664 2314 1697 2342 et
1720 2313 1758 2341 ut
1783 2308 1959 2342 invocatio
1982 2320 2063 2341 vera
2087 2308 2161 2341 fieri

1173 2361 1295 2408 possit.

1276 2411 1340 2447 21.
1389 2410 1581 2454 Quomodo
1614 2409 1710 2442 enim
1743 2416 1889 2453 possunt
1921 2410 2083 2443 accedere
2116 2410 2161 2442 ad

1174 2465 1304 2505 Deum,
1327 2462 1387 2508 qui
1403 2467 1546 2495 manent
1562 2461 1598 2493 in
1611 2459 1843 2502 dubitatione,
1863 2472 1941 2494 cum
1954 2461 2162 2504 obstrepunt

1176 2513 1242 2549 hae
1259 2513 1497 2557 cogitationes.
1542 2512 1618 2545 Cur
1632 2511 1786 2555 invocas,
1814 2524 1893 2545 cum
1908 2511 1955 2544 sis
1972 2510 2162 2554 indignus?

1177 2578 1255 2600 cum
1272 2564 1428 2598 fortassis
1444 2562 1538 2597 Deus
1556 2570 1651 2597 tuam
1667 2562 1928 2596 invocationem
1942 2568 2091 2605 respuat.

1277 2626 1338 2659 22.
1369 2621 1501 2657 Contra
1520 2623 1605 2656 tales
1622 2622 1861 2656 dubitationes
1878 2621 2036 2666 quotidie
2055 2620 2089 2651 in
2107 2619 2162 2651 ἰιι-

1178 2676 1360 2710 vocatione
1382 2673 1606 2708 exuscitanda
1631 2681 1681 2708 est
1705 2671 1789 2707 haec
1814 2673 1917 2713 fides,
1944 2672 2038 2704 iuxta
2057 2670 2160 2703 illud:

1563 2723 1611 2760 35
1622 2728 1638 2747 *
