2324 2955
186 122 256 158 147

185 219 287 252 gnam
306 205 371 240 hoc
388 207 473 240 loen.
528 204 600 237 Nec
628 204 713 235 adeo
738 203 886 237 ridicule
911 205 1051 248 ineptus
1072 218 1161 245 sum,

187 265 227 291 nt
245 258 433 291 existimem
451 266 504 287 me
521 264 620 297 posse
639 254 681 285 de
699 254 803 286 rebus
822 256 956 298 magnis
974 255 1098 297 dicere,
1125 263 1163 289 ut

189 308 343 352 ipsarum
378 316 493 338 rerum
530 303 681 345 dignitas
713 304 875 345 postulat.
939 305 1045 338 Nulla
1071 307 1164 338 enim

189 356 340 391 humana
357 353 555 398 eloquentia
571 351 754 386 exhaurire
780 354 901 387 laudes
915 353 982 388 Dei
1006 363 1037 388 et
1063 358 1165 389 decus

191 408 358 439 virtutum
385 411 506 447 potest.

192 456 277 489 toris
296 454 459 488 Gratiani
478 453 684 486 sententiam
709 465 911 498 sequamur:
943 456 1102 489 Dicimus
1124 457 1167 489 de

190 504 285 545 Deo,
312 517 380 537 non
405 511 574 549 quantum
598 503 782 543 debemus,
809 506 866 537 sed
890 513 1059 550 quantum
1086 517 1167 550 pos-
1192 521 1194 527 ⁸

193 565 328 593 sumus,
366 555 414 587 sic
444 561 560 586 tamen
591 560 629 587 ut
656 561 772 587 nostra
796 555 906 588 oratio
933 563 1099 598 congruat
1124 557 1167 589 ad

193 617 324 645 vocem,
352 617 455 649 quam
475 605 547 648 ipse
565 603 667 636 nobis
685 604 841 636 tradidit.
893 603 968 638 Oro
986 606 1102 648 igitur,
1129 613 1169 639 ut

192 656 279 688 boni
304 655 491 687 consulatis
517 654 793 698 qualemcunque
825 652 913 688 lianc
944 668 1056 688 meam
1090 668 1168 689 ora-

193 706 345 745 tionem,
372 706 408 736 in
427 716 494 749 qua
511 710 754 747 argumentum
774 704 900 745 affero,
927 717 1000 738 non
1015 706 1168 739 alienum

193 768 212 788 a
229 767 304 787 meo
323 755 448 794 studio,
476 754 640 787 videlicet
656 766 673 786 a
692 754 847 787 civilium
867 755 982 797 legum
1001 756 1169 796 doctrina,

195 806 287 850 quod
306 811 419 838 tamen
440 816 479 837 e«)
496 816 596 847 saepe
613 805 839 847 repetendum
855 813 915 845 est,
942 812 979 838 ut
998 805 1033 837 in
1052 806 1169 839 iunio-

194 856 291 888 ribus
309 855 421 886 alatnr
437 861 465 886 et
485 855 707 886 confirmetur
727 855 839 897 legum
859 856 1064 891 reverentia.
1106 855 1171 889 Di-

195 918 268 937 cam
291 905 382 936 enim
401 907 442 935 :le
459 902 522 935 hac
542 904 753 948 quaestione,

195 1004 308 1045 legum
326 1003 548 1046 politicarum
568 1015 637 1036 esse
657 1011 847 1046 peccatum,
875 1017 943 1049 quo
960 1006 1170 1039 conscientia

197 1066 215 1086 a
232 1054 304 1086 Deo
328 1053 508 1093 avellitur,
535 1064 593 1085 seu
610 1060 647 1085 nt
672 1054 894 1086 nominamus
911 1056 1052 1096 usitate,
1076 1068 1172 1088 mor-

196 1103 285 1145 tale,
315 1115 375 1135 cur
396 1115 467 1135 non
490 1103 757 1135 existimandum
783 1104 826 1136 sit
851 1105 1076 1138 violationem
1100 1113 1171 1139 tra-

196 1154 392 1193 ditionum,
420 1165 504 1196 quas
524 1153 560 1184 in
578 1150 732 1185 Ecclesia
758 1160 911 1197 pastores
929 1166 989 1188 seu
1006 1154 1172 1200 Episcopi

197 1204 374 1240 condunt,
402 1209 541 1246 peccata
559 1214 639 1237 esse.

297 1252 349 1285 De
379 1249 444 1285 hoe
474 1253 678 1285 discrimine
704 1253 818 1295 legum
850 1254 982 1286 erudiri
1012 1253 1172 1287 homines

196 1314 334 1336 necesse
352 1309 413 1337 est.
464 1300 511 1335 Et
527 1303 620 1335 bono
639 1303 785 1335 consilio
803 1314 901 1345 saepe
919 1301 1043 1336 harum
1061 1305 1172 1336 maxi-

194 1364 331 1385 marum
348 1363 464 1384 rerum
481 1351 765 1383 commemoratio
782 1352 961 1394 repetitur.
1006 1352 1057 1384 Ac
1077 1353 1173 1395 prius

197 1402 309 1434 dicam
328 1402 371 1434 de
386 1401 503 1445 priore
519 1406 630 1444 parte,
656 1400 819 1433 videlicet
835 1402 877 1433 de
893 1401 1092 1434 obedientia
1112 1403 1173 1434 de-

193 1452 267 1485 bita
286 1452 418 1494 legibus
436 1451 597 1494 politicis.
648 1449 758 1482 Multi
778 1451 942 1483 omnibus
957 1452 1173 1493 temporibus

196 1501 443 1547 quaesiverunt
457 1500 592 1543 ingenii
611 1499 749 1531 laudem
770 1499 1025 1543 vituperatione
1048 1501 1172 1543 legum.

196 1552 302 1594 Apud
328 1550 511 1584 Platonem
537 1549 653 1594 inquit
682 1548 850 1592 Hippias,
890 1550 999 1592 legem
1025 1562 1096 1583 esse
1120 1558 1173 1595 ty-

196 1613 365 1641 rannum,
407 1600 485 1644 quia
512 1610 614 1642 vagas
639 1599 846 1642 cupiditates
868 1597 1053 1633 hominum
1077 1601 1173 1634 iubet

196 1651 343 1689 frenari,
367 1657 399 1684 et
417 1656 524 1682 certas
542 1654 650 1682 metas
665 1649 841 1682 actionum
861 1651 1051 1683 constituit.
1103 1649 1172 1696 Cy-

196 1701 268 1733 nici
290 1701 392 1733 etiam
410 1700 582 1733 rabiosius
604 1699 713 1732 locuti
739 1705 838 1737 sunt,
868 1698 959 1732 nibil
979 1707 1078 1744 turpe
1102 1712 1173 1733 esse

196 1758 362 1795 perpetua
384 1750 520 1792 regula,
543 1751 603 1782 sed
631 1756 766 1782 tantum
790 1749 956 1792 opinione
981 1751 1063 1783 alibi
1088 1751 1172 1783 alias

198 1801 352 1833 actiones
385 1806 538 1843 receptas
570 1810 653 1833 esse.
721 1797 851 1833 Extant
877 1801 981 1833 etiam
1004 1800 1171 1834 Politiani

195 1862 332 1889 versus,
360 1851 515 1895 quicum
531 1849 681 1882 nimium
703 1849 900 1892 indulgeret
924 1851 1173 1894 cupiditatibus

196 1901 283 1940 suis,
310 1901 424 1942 legum
444 1901 564 1933 odium
584 1897 638 1932 his
655 1900 812 1933 versibus
829 1912 892 1933 nec
909 1901 999 1934 veris
1013 1913 1076 1934 nec
1101 1902 1172 1934 ele-

196 1957 317 1992 ganter
331 1951 429 1984 factis
447 1950 615 1983 ostendit:

246 2002 405 2032 Inventum
421 2004 505 2032 Attei
521 2004 658 2032 dicuntur
672 2005 735 2032 iura
752 2002 907 2041 Draconis,

295 2053 374 2082 Vera
390 2060 431 2082 est
450 2056 527 2082 fama
541 2056 648 2091 nimis,
675 2056 718 2083 nil
733 2057 789 2083 nisi
805 2058 884 2085 virus
902 2056 1020 2086 habent.

196 2100 301 2142 Quod
318 2100 425 2134 Attici
452 2102 616 2133 dixerunt
639 2112 656 2133 a
674 2101 834 2135 Dracone
857 2104 947 2145 leges
972 2108 1064 2135 ortas
1089 2113 1172 2142 esse,

194 2148 260 2183 boc
276 2164 413 2195 quoque
431 2151 615 2193 allegorice
631 2151 761 2183 dictum
780 2164 869 2192 esse,
896 2159 1038 2196 propter
1055 2151 1171 2185 Palla-

194 2200 249 2232 dis
265 2200 431 2241 Aegidem
447 2208 479 2233 et
496 2212 643 2244 poenas,
671 2201 842 2236 existimo.
902 2202 969 2236 Sed
995 2214 1170 2247 quaecun-

197 2261 264 2293 que
288 2250 361 2282 eius
383 2251 552 2284 sermonis
572 2262 673 2284 causa
694 2258 761 2290 est,
788 2251 984 2286 Politianus
1003 2260 1172 2286 venenate

196 2299 232 2332 id
251 2300 381 2333 dictum
396 2300 653 2343 interpretatur.
706 2300 803 2343 Quid
821 2302 933 2335 dicam
957 2304 999 2335 de
1017 2303 1087 2335 illis
1105 2301 1170 2336 ho-

195 2349 369 2387 minibus,
418 2350 477 2393 qui
507 2348 682 2383 Ecclesiae
711 2364 830 2385 vocem
868 2364 941 2385 non
974 2353 1169 2389 audierant.

194 2398 321 2432 Nostra
349 2405 458 2439 aetas,
493 2411 569 2431 cnm
592 2401 715 2443 purior
737 2400 921 2445 Evangelii
943 2403 1101 2436 doctrina
1126 2404 1169 2435 il-

197 2449 286 2482 luxit
299 2476 306 2488 ,
335 2461 437 2493 quam
455 2449 647 2482 multorum
667 2452 800 2485 audivit
816 2453 1021 2486 tribunitios
1039 2453 1169 2486 clamo-

194 2510 268 2537 res,
293 2499 371 2543 qui,
397 2505 434 2531 ut
452 2499 627 2532 lenissime
650 2501 778 2542 dicam,
804 2503 1034 2536 reverentiam
1052 2503 1166 2546 legum

194 2549 295 2581 valde
320 2549 612 2591 languesecerunt.
670 2549 919 2596 Auabaptistae
947 2554 1057 2596 leges,
1092 2566 1167 2587 ma-

192 2599 370 2640 gistratus,
419 2599 566 2638 iudicia,
610 2599 723 2643 palam
754 2602 973 2646 improbant,
1017 2615 1166 2648 quorum

190 2649 300 2682 multa
322 2650 409 2683 adeo
431 2655 518 2683 tetra
541 2649 632 2683 dicta
657 2656 690 2683 et
710 2651 799 2685 facta
823 2661 923 2695 sunt,
958 2661 998 2688 ut
1021 2654 1164 2688 recitare

560 402 626 436 Sed
652 401 741 436 lianc
766 404 994 439 adolescentis
1016 406 1166 449 impera·
1191 418 1193 420 ·

567 119 723 155 DECL.
767 117 840 152 DE
873 118 1226 156 DISCRIMINE
1258 119 1463 156 LEGUM
1497 118 1684 155 POLIT.
1718 130 1802 156 Ere.

1186 209 1189 237 l

1189 1305 1201 2689 &mm-

1193 558 1195 588 ἶ
1221 563 1254 588 et
1270 556 1373 588 urbes
1390 555 1596 587 incendunt.

2118 121 2190 158 148

1215 218 1286 239 non
1305 206 1420 238 libeat.
1473 201 1546 237 Alii
1559 212 1591 238 et
1608 206 1749 239 fuerunt
1767 212 1799 238 et
1816 205 2105 250 suntAntinomi,
2132 209 2193 254 qui

1216 257 1351 298 fingunt
1369 255 1471 287 etiam
1490 261 1608 288 contra
1628 256 1873 289 conscientiam
1891 257 2060 292 violantes
2083 260 2192 302 legem

1216 306 1300 344 Dei,
1328 313 1443 338 tamen
1462 302 1536 336 Deo
1554 305 1697 347 placere.
1747 305 1827 338 Non
1848 307 2001 339 delector
2018 305 2081 340 hac
2105 309 2195 342 reci-

1218 357 1369 394 tatione,
1396 365 1503 398 quare
1519 365 1595 386 sum
1617 355 1767 389 brevior.
1819 356 1982 399 Prodigia
2005 368 2077 389 csse
2100 359 2194 401 cogi-

1218 414 1349 444 tamus,
1390 404 1426 436 id
1457 411 1526 444 est,
1566 404 1663 447 signa
1696 402 1900 446 horribilia,
1948 408 2195 442 denunciantia

1220 457 1305 488 iram
1322 453 1388 487 Dei
1407 461 1439 487 et
1454 466 1655 487 communes
1672 466 1816 497 poenas,
1843 463 1953 489 terrae
1971 464 2101 499 motus,
2126 457 2197 493 Co-

1220 512 1342 545 metas,
1382 504 1621 545 traiectiones,
1655 505 1822 544 fulmina,
1857 518 1945 549 quae
1970 513 2058 540 totas
2083 510 2195 544 svlvas

1650 554 1717 588 Sed
1741 555 1843 597 longe
1863 556 2074 590 terribiliora
2098 549 2195 602 signa

1221 613 1301 639 sunt
1324 605 1404 637 illae
1426 604 1648 637 diabolorum
1674 617 1792 644 voces,
1820 607 2090 640 contumeliosae
2113 621 2198 642 con-

1222 663 1273 689 tra
1292 656 1400 698 legem
1417 653 1483 687 Dei
1501 661 1533 687 et
1547 662 1664 687 contra
1678 655 1860 698 politicum
1878 655 2050 689 ordinem.
2102 657 2198 692 Haec

1223 717 1322 749 saepe
1348 705 1567 749 multumque
1591 705 1744 747 cogitans
1762 711 1795 738 et
1819 705 1955 748 fugiens
1973 703 2036 739 hos
2053 707 2200 749 furores,

1223 768 1350 800 quaero
1370 767 1488 787 vocem
1507 755 1663 787 divinam
1683 755 1720 786 in
1731 752 1901 795 Ecclesia,
1928 763 1967 789 ut
1982 757 2114 790 dictum
2133 765 2199 792 est:

1223 805 1380 838 Lucerna
1402 805 1550 848 pedibus
1574 804 1660 837 meis
1685 805 1831 836 verbum
1855 811 1964 839 tuum.
2017 806 2088 840 L‘bi
2108 815 2201 842 recte

1225 867 1288 888 nos
1304 856 1435 888 erudiri
1451 856 1494 887 de
1511 855 1585 897 Iege
1607 861 1639 887 et
1661 855 1702 887 de
1725 854 1849 887 ordine
1872 855 2014 897 politico
2039 868 2200 900 agnosco,

1225 912 1256 938 et
1287 906 1396 939 laetor
1428 916 1528 937 veros
1556 906 1669 937 sontes
1692 904 1846 944 ostendi,
1879 916 1918 937 ac
1943 918 2023 938 vere
2048 905 2113 940 hoc
2139 909 2202 941 ad-

296 953 384 986 Cnm
410 953 537 985 l'aulus
564 954 743 986 manifeste
766 954 913 988 affirmet
944 956 1170 988 violationem
1197 981 1199 992 .

1225 956 1337 995 firmo,
1354 956 1454 988 valde
1469 955 1667 988 confirmari
1683 954 1719 987 in
1736 955 1852 987 animo
1869 967 1944 987 meo
1960 957 2202 991 adsensionem

1226 1013 1257 1038 et
1279 1007 1320 1037 de
1338 1005 1557 1049 providentia
1575 1006 1666 1038 etde
1679 1002 1845 1037 Ecclesia.
1881 1004 1985 1046 Quod
2004 1013 2113 1049 potest
2131 1019 2202 1041 esse

1226 1056 1397 1088 illustrius
1429 1055 1668 1088 testimonium
1694 1055 1860 1087 adversus
1885 1067 2006 1088 omnes
2032 1055 2202 1101 Cyclopas

1226 1112 1258 1138 et
1280 1104 1488 1148 Epicureos,
1527 1117 1632 1150 quam
1665 1102 1749 1137 haec
1766 1104 1844 1146 ¹ipsa
1869 1105 1995 1138 notitia
2018 1108 2204 1148 naturalis,

1226 1156 1425 1188 discernens
1441 1153 1586 1188 honesta
1603 1161 1634 1187 et
1650 1155 1766 1198 turpia
1783 1154 1818 1186 in
1838 1152 2000 1188 humanis
2015 1157 2203 1198 mentibus,

1226 1212 1258 1238 et
1292 1206 1547 1248 turpitudinem
1580 1205 1729 1248 puniens
1764 1205 1965 1246 ingentibus
1999 1207 2203 1242 terroribus,

1226 1253 1288 1287 Est
1308 1267 1388 1296 ergo
1405 1253 1517 1293 Deus,
1547 1266 1614 1298 qua
1637 1252 1727 1286 hanc
1745 1255 1858 1286 lucem
1875 1255 1978 1287 nobis
1994 1256 2141 1296 indidit,
2170 1264 2203 1291 et

1226 1302 1292 1335 hoc
1324 1304 1491 1335 iudicium
1526 1314 1688 1344 praesens
1716 1304 1931 1335 immutabili
1972 1305 2110 1338 iusticia
2142 1318 2204 1339 sua

1227 1352 1419 1396 exequitur.
1478 1350 1616 1384 Deinde
1639 1351 1878 1384 testimonium
1902 1358 1951 1385 est
1971 1354 2013 1386 de
2038 1352 2204 1395 Ecclesia,

1226 1399 1310 1434 haec
1329 1402 1401 1444 ipsa
1422 1413 1485 1433 vox
1504 1401 1599 1443 legis.
1644 1400 1864 1444 Impossibile
1880 1409 1928 1435 est
1947 1414 2017 1436 esse
2033 1406 2204 1448 populum

1227 1451 1312 1491 Dei,
1338 1451 1430 1483 ullos
1454 1448 1616 1482 homines
1638 1457 1697 1483 aut
1720 1450 1833 1483 ullum
1855 1462 1996 1493 agmen,
2024 1456 2116 1498 quod
2142 1468 2204 1499 pa-

1227 1501 1293 1532 lam
1309 1501 1424 1533 abolet
1441 1501 1548 1532 ullam
1566 1501 1676 1542 legem
1695 1500 1863 1536 divinam.
1917 1500 2205 1539 OmnesEthnici

1226 1551 1359 1594 aliquas
1388 1551 1526 1582 divinas
1555 1551 1646 1592 leges
1674 1561 1816 1593 prorsus
1847 1551 2069 1594 deleverunt,
2108 1562 2141 1589 et
2165 1556 2204 1589 in

1226 1601 1297 1632 sola
1307 1599 1460 1633 Ecclesia
1472 1599 1536 1632 Dei
1554 1600 1680 1633 mansit
1694 1600 1748 1633 lex
1766 1601 1918 1643 integra,
1944 1610 1976 1636 et
1992 1604 2064 1636 sola
2080 1603 2204 1639 Eccle-

1227 1651 1274 1682 sia
1294 1651 1462 1688 ostendit,
1490 1651 1585 1683 unde
1604 1648 1689 1683 haec
1706 1651 1874 1693 sapientia
1902 1654 2074 1687 transfusa
2098 1655 2142 1689 sit
2164 1656 2203 1689 in

1225 1707 1356 1732 mentes
1375 1698 1569 1740 hominnm,
1596 1701 1690 1732 unde
1707 1701 1750 1733 sit
1768 1702 1942 1735 contraria
1959 1704 2082 1746 caligo,
2108 1707 2203 1740 unde

1225 1751 1408 1783 dissidium
1434 1750 1517 1791 legis
1540 1757 1573 1783 et
1596 1751 1728 1791 cordis,
1769 1753 1945 1795 quomodo
1976 1754 2046 1797 regi
2077 1763 2202 1791 natura

1225 1801 1350 1844 possit,
1392 1801 1568 1844 quomodo
1591 1799 1686 1833 Deus
1721 1802 1845 1833 ordine
1877 1803 2019 1844 politico
2049 1804 2141 1838 inter
2166 1819 2201 1841 se

1226 1850 1420 1883 devinxerit
1445 1848 1622 1890 homines,
1649 1850 1777 1895 quibus
1802 1852 1984 1895 praesidiis
2004 1855 2201 1891 societatem

1225 1900 1425 1934 muniverit.

1324 1949 1459 1983 Harum
1490 1950 1718 1983 maximarum
1748 1963 1864 1983 rernm
1899 1952 2094 1987 doctrinam
2122 1967 2200 1990 cum

1227 2002 1264 2034 in
1288 2001 1359 2034 sola
1377 1998 1530 2033 Ecclesia
1547 2000 1658 2041 disco,
1685 2013 1728 2033 an
1746 2013 1818 2034 non
1836 2002 1935 2035 valde
1953 2005 2141 2046 gaudeam,
2168 2014 2201 2041 et

1226 2051 1428 2088 confirmer,
1455 2057 1493 2084 ut
1510 2057 1655 2083 statuam
1676 2063 1754 2084 vera
1772 2062 1844 2084 esse
1869 2064 1957 2097 quae
1980 2054 2029 2086 ibi
2053 2057 2201 2090 tradun-

1225 2109 1300 2142 tur,
1335 2109 1368 2135 et
1390 2101 1426 2133 in
1450 2112 1489 2133 eo
1513 2107 1612 2134 coetu
1635 2113 1834 2146 quanquam
1864 2114 2071 2138 aerumnoso
2099 2104 2200 2139 habi-

1225 2159 1297 2186 tare
1314 2150 1451 2185 Deum?

1324 2201 1425 2244 Legi,
1454 2201 1598 2234 memini
1622 2201 1737 2233 omnia
1762 2200 1975 2235 Graecorum
1999 2210 2031 2237 et
2051 2203 2200 2239 Latino-

1223 2265 1301 2286 rum
1320 2252 1446 2296 scripta
1463 2252 1505 2284 de
1520 2252 1634 2294 legum
1653 2251 1820 2294 dignitate
1845 2258 1876 2284 et
1899 2253 1941 2285 de
1963 2253 2138 2297 imperiis,
2166 2264 2199 2291 et

1224 2315 1323 2347 saepe
1345 2303 1457 2346 cogito
1480 2303 1684 2346 praecipuas
1704 2301 1862 2334 omnium
1880 2305 2077 2338 sententias.
2129 2306 2197 2341 Sed

1223 2361 1338 2387 tamen
1368 2353 1466 2386 nulla
1496 2365 1562 2385 vox
1584 2352 1662 2385 talis
1685 2363 1829 2396 usquam
1853 2353 1980 2386 tradita
2008 2362 2073 2394 est,
2108 2369 2196 2401 quae

1222 2404 1402 2437 vinculum
1432 2409 1518 2438 esset
1543 2403 1724 2435 universae
1746 2401 1858 2434 civilis
1884 2403 2074 2446 societatis,
2107 2408 2195 2442 sicut

1222 2451 1288 2487 hoc
1319 2453 1467 2487 dictum:
1519 2452 1663 2486 Necesse
1698 2458 1749 2484 est
1780 2451 1925 2485 obedire
1954 2465 2026 2487 non
2057 2462 2192 2490 tantum

1222 2511 1365 2548 propter
1388 2504 1497 2543 iram,
1532 2503 1591 2536 sed
1625 2508 1766 2544 propter
1798 2503 2057 2539 conscientiam.
2116 2505 2194 2541 Hoc

1220 2554 1406 2598 praeconio
1433 2559 1603 2587 vocantur
1626 2551 1663 2584 in
1688 2551 1877 2593 iudicium,
1911 2565 1983 2587 non
2005 2556 2047 2587 ad
2073 2567 2194 2599 regum

1220 2605 1458 2648 etprincipum
1474 2601 1664 2637 tribunalia
1680 2607 1828 2643 tantum,
1853 2604 1912 2636 sed
1930 2605 1971 2637 ad
1982 2603 2095 2637 Deum
2114 2607 2193 2639 vin-

1219 2655 1331 2688 dicem
1355 2665 1495 2696 omnes,
1526 2652 1586 2698 qui
1608 2651 1805 2696 petulanter
1824 2652 1915 2696 leges
1936 2654 2096 2698 politicas
2117 2657 2192 2690 vio-
