2324 2955
177 113 248 146 767

181 198 310 242 impius
335 204 366 229 et
393 195 545 228 infoelix.
596 192 756 237 Cumque
783 190 1062 234 Nabogdonosor
1083 192 1160 226 bel-

181 248 253 280 lum
272 247 411 279 inferret
437 245 506 286 regi
522 242 714 288 Aegyptio,
741 242 778 274 in
803 254 872 286 quo
891 242 1094 276 interfectus
1110 249 1162 276 est

181 297 313 334 Necao,
342 295 467 327 indixit
485 293 655 326 tributum
676 290 757 325 huic
774 292 846 334 regi
867 291 1021 331 loalzim,
1047 299 1080 326 et
1098 293 1161 326 ab·

183 347 281 379 duxit
307 344 435 378 multos
458 343 603 376 Iudaeos
627 343 664 375 in
692 341 928 386 Babylonem,
958 342 1050 376 inter
1073 355 1162 388 quos

183 403 215 428 et
231 394 377 434 Daniel,
403 401 433 426 et
453 394 513 426 alii
533 393 675 438 quidam
696 392 832 425 nobiles
849 392 1086 426 adolescentes
1101 393 1164 426 ab-

184 445 279 477 ducti
310 451 407 483 sunt,
440 455 527 488 qnos
556 455 614 475 rex
646 440 791 476 honeste
815 443 956 475 educari
986 449 1018 476 et
1046 443 1163 476 doceri

185 495 327 529 curavit.
380 494 469 526 Cum
497 500 611 526 autem
633 491 767 525 loakim
793 499 911 536 postea
933 503 1053 526 rursus
1069 494 1166 526 defe-

186 545 287 577 cisset
305 555 322 577 a
341 556 419 586 rege
437 543 674 589 Babylonico,
700 553 859 576 reversus
875 540 1071 576 Chaldaeus
1087 555 1166 576 coe-

184 594 238 638 pit
255 593 409 635 Ioakim‚
436 600 469 627 et
492 605 570 627 eum
594 592 742 626 interfici
764 593 883 633 iussit,
910 599 943 627 et
965 593 1092 637 proiici
1109 605 1166 627 ca-

186 645 293 677 daver
315 651 397 677 ante
421 645 543 677 urbem
568 642 817 688 lerosolymam
842 643 934 675 inter
954 650 1088 677 caetera
1111 655 1168 676 ca-

188 695 335 735 davera,
368 694 455 727 sicut
481 694 699 737 praedixerat
724 693 754 726 ei
775 692 955 732 Ieremias,
982 693 1096 737 capito
1115 693 1169 726 vi-

192 745 320 777 cesimo
339 745 508 777 secundo:
537 743 724 787 Sepultura
745 743 835 775 asini
852 743 1051 786 sepelietur.

289 792 374 827 Ioa
386 791 492 827 chin
517 793 589 826 sive
605 791 827 826 [econius
850 793 1009 836 regnavit
1023 793 1062 826 in
1081 792 1169 827 Iuda

189 851 258 877 tres
283 856 428 879 menseS.
481 842 641 888 Cumque
665 842 946 885 Nabogdonosor
967 844 1090 877 urbem
1115 842 1171 876 Ie-

189 895 401 939 rosolymam
432 893 615 927 obsidione
647 894 828 931 cinxisset,
867 894 975 927 suasit
1007 893 1170 927 Ieremias

191 951 312 977 contra
335 945 491 988 exempla
520 944 678 988 priorum
702 941 980 986 Prophetarum,
1013 950 1053 978 ut
1075 944 1171 977 fieret

191 995 336 1027 deditio.
396 993 583 1038 Utrunque
607 994 701 1027 enim
729 994 921 1037 praedixit,
947 995 1107 1027 futurum
1131 1000 1172 1026 ut

190 1042 404 1089 lerosolyma
422 1045 606 1084 deleretur,
628 1050 660 1077 et
674 1044 842 1077 abductos
852 1042 998 1075 Iudaeos
1013 1043 1051 1074 in
1066 1043 1170 1075 exilio

190 1092 267 1127 Deo
286 1106 387 1127 curae
405 1095 498 1134 fore,
526 1100 559 1126 et
580 1100 657 1136 post
674 1092 891 1136 septuaginta
908 1102 1021 1124 annos
1038 1092 1173 1125 reditu-

190 1155 266 1187 ros,
294 1152 327 1178 et
344 1144 487 1187 patriam
506 1143 664 1186 politiam
681 1143 937 1175 instauraturos
955 1152 1037 1176 esse.
1078 1140 1172 1174 Huic

189 1192 396 1238 prophetiae
422 1206 499 1227 cum
524 1194 678 1227 crederet
703 1191 878 1231 leconias,
912 1191 993 1224 fecit
1020 1191 1172 1225 deditio-

191 1256 284 1279 nem.
337 1244 456 1286 Quare
480 1251 511 1277 et
530 1244 602 1287 ipse
621 1250 653 1277 et
670 1242 729 1274 alii
752 1243 853 1275 multi
873 1241 1039 1275 Ieremiae
1058 1241 1173 1274 consi-

192 1294 280 1326 linm
306 1301 488 1338 sequentes
512 1294 549 1326 in
567 1291 779 1326 Chaldaeam
801 1292 942 1325 abducti
959 1298 1058 1332 sunt,
1085 1303 1172 1336 quos

191 1344 242 1377 ibi
258 1343 353 1377 Deus
377 1344 536 1388 protexit.
589 1342 726 1376 Caeteri
743 1340 939 1386 Prophetae
962 1342 1045 1375 inde
1062 1352 1172 1386 usque

193 1406 211 1426 a
230 1393 330 1427 Iosue
355 1400 539 1427 suaserunt
563 1393 822 1431 defensionem,
855 1391 1020 1425 Ieremias
1038 1392 1173 1425 dissua-

193 1445 271 1483 det,
299 1451 332 1478 et
348 1451 506 1487 servatur
520 1442 675 1477 Ecclesia
691 1455 785 1476 novo
802 1444 926 1484 modo,
952 1442 1117 1476 videlicet
1135 1442 1172 1474 in

193 1494 316 1534 exilio,
347 1506 425 1528 cum
457 1494 677 1537 disputarent
709 1493 828 1537 impii,
862 1493 1068 1536 promissam
1101 1504 1173 1525 esse

194 1544 434 1577 defensionem
451 1544 552 1588 stirpi
574 1541 697 1576 Iuda
718 1544 755 1576 in
780 1541 845 1576 hoc
865 1544 939 1587 ipso
962 1543 1049 1576 loco.
1102 1541 1173 1576 Sed

192 1595 243 1638 pii
268 1595 441 1637 sapienter
470 1594 714 1627 discernebant
739 1594 1005 1637 promissionem
1040 1592 1174 1626 aeterni

194 1645 292 1687 regni
310 1652 342 1677 et
360 1656 441 1678 suae
455 1645 608 1688 politiae,
635 1651 668 1677 et
682 1644 849 1684 sciebant,
872 1643 986 1677 Deum
1003 1643 1174 1686 promissa

193 1701 366 1737 praestare
394 1695 624 1734 mirabiliter,
657 1701 691 1727 et
720 1694 968 1736 promissiones
996 1694 1173 1725 bonorum

195 1745 429 1787 corporalium
448 1744 692 1787 intelligendas
708 1754 779 1776 esse
796 1754 873 1775 curn
892 1742 1093 1785 exceptione
1117 1753 1174 1774 ca-

196 1795 391 1835 stigationis
417 1801 450 1827 et
466 1794 587 1828 crucis.
648 1792 749 1826 Hanc
766 1793 961 1826 doctrinam
980 1792 1016 1823 in
1035 1792 1096 1824 illo
1114 1802 1172 1823 ex-

195 1846 286 1877 cidio
306 1845 444 1887 politiae
460 1845 651 1882 discebant,
679 1850 718 1876 ut
736 1855 815 1876 vera
831 1842 1070 1875 consolatione
1088 1852 1173 1874 con·-

195 1895 322 1927 firmati
341 1907 411 1927 non
431 1894 616 1927 deficerent
633 1906 651 1927 a
667 1892 759 1931 Deo,
787 1899 820 1926 et
843 1898 1063 1936 expectarent
1078 1891 1173 1925 redi-

195 1952 269 1978 tum
285 1945 463 1978 divinitus.

304 1991 558 2027 Zadachias
585 1993 743 2037 regnavit
761 1993 796 2026 in
815 1992 900 2027 luda
917 2004 1028 2025 annos
1047 1992 1088 2025 11
1108 1992 1174 2025 im-

196 2046 274 2088 pius
305 2052 337 2078 et
368 2045 532 2085 infoelix,
565 2045 690 2078 defecit
721 2056 739 2077 a
775 2055 853 2087 rege
882 2042 1172 2086 Nabogdonosor.

196 2094 317 2129 ltediit
340 2095 446 2138 igitur
468 2094 766 2138 Nabogdonosor,
793 2101 825 2127 et
849 2093 970 2127 urbem
999 2092 1174 2138 lerosoly—

197 2157 289 2178 mam
316 2146 423 2179 cinxit
447 2145 633 2179 obsidione
657 2145 832 2187 integrum
857 2156 988 2177 annum
1017 2150 1049 2177 et
1074 2156 1174 2177 men-

198 2207 249 2228 ses
274 2203 416 2241 septem.
468 2194 545 2229 Etsi
567 2203 681 2230 autem
703 2195 865 2228 Ieremias
886 2194 1053 2227 suadebat
1073 2194 1174 2227 dedi-

198 2246 341 2287 tionem,
371 2254 483 2280 tamen
501 2246 691 2290 pertinacia
711 2252 805 2279 tanta
824 2245 909 2285 suit,
934 2251 973 2278 ut
987 2244 1174 2278 defendere

197 2296 326 2329 urbem
338 2303 538 2335 conaretur,
566 2309 645 2329 cum
662 2296 804 2341 quidem
820 2296 910 2328 fame
927 2294 1018 2329 intra
1036 2295 1174 2328 moenia

199 2346 356 2390 quotidie
372 2347 472 2380 multi
492 2347 656 2390 perirent.
697 2346 767 2380 Sed
786 2346 1058 2380 confirmabatur
1073 2346 1173 2379 furor

198 2408 217 2429 a
234 2396 335 2430 malis
352 2397 574 2437 doctoribus,
602 2397 662 2442 qui
678 2396 976 2440 vociferabantur,
1004 2407 1076 2429 non
1091 2407 1172 2439 pos-

199 2458 234 2480 se
249 2447 358 2479 deleri
373 2458 517 2489 regnum
536 2446 640 2486 luda,
667 2448 749 2492 quia
773 2447 810 2480 in
834 2446 1065 2491 promissione
1084 2446 1172 2479 dici-

199 2505 271 2531 tur:
305 2496 387 2530 Non
408 2498 582 2530 auferetur
611 2505 784 2541 sceptrum
809 2504 841 2531 et
868 2498 992 2531 doctor
1011 2498 1054 2530 de
1073 2494 1171 2538 Iuda,

197 2549 308 2582 donec
344 2547 479 2580 venerit
513 2545 625 2580 Siloh.
698 2547 768 2580 Nec
804 2555 920 2581 tamen
955 2547 1172 2590 cogitabant,

196 2597 309 2632 Deum
329 2597 538 2631 mirabiliter
554 2603 727 2640 praestare
741 2599 921 2640 promissa.
972 2596 1019 2631 Et
1034 2597 1071 2630 in
1088 2609 1170 2641 pro-

198 2649 424 2683 missionibus
436 2647 676 2692 corporalibus
686 2648 921 2692 exceptionem
933 2648 1169 2692 castigationis

418 110 623 147 SCRIPTA
652 109 726 143 PH.
753 106 868 142 MEL.
895 106 961 140 AD
988 105 1115 142 HIST.
1142 104 1286 143 PROF.
1313 102 1379 139 ET
1407 102 1600 140 PHILOS.
1627 101 1948 143 SPECTANTIA.

2116 110 2190 145 768

1210 197 1243 224 et
1260 187 1372 223 crucis
1387 188 1537 231 intelligi
1555 196 1727 232 oportere.
1780 188 1940 226 Servavit
1965 199 2080 226 autem
2095 191 2191 228 Deus

1211 240 1315 274 etiam
1331 239 1370 271 in
1389 238 1494 271 exilio
1521 239 1651 282 regiam
1677 240 1938 283 posteritatem,
1964 249 1996 275 et
2019 243 2191 287 populum

1211 288 1347 332 magnis
1368 288 1548 322 miraculis
1574 290 1726 323 servavit
1757 297 1789 324 et
1818 291 1974 330 ornavit,
2005 293 2134 336 quibus
2159 301 2193 328 et

1212 347 1362 385 quatuor
1393 350 1489 381 reges
1518 339 1563 371 ad
1589 339 1804 382 agnitionem
1836 342 1911 374 veri
1939 341 2006 376 Dei
2035 344 2194 377 conversi

1213 396 1310 424 sunt:
1337 388 1617 431 Nabogdonosor
1641 395 1674 423 et
1691 389 1784 422 filius
1801 392 1893 432 eius,
1919 390 2049 425 Darius
2066 392 2196 426 Medus

1214 448 1246 475 et
1262 439 1386 484 Cyrus.
1436 438 1518 472 Non
1545 438 1652 482 igitur
1670 439 1858 474 defuerunt
1882 442 1985 475 duces
2010 448 2044 476 et
2074 443 2197 477 docto-

1214 502 1268 524 res
1285 488 1368 523 huie
1386 489 1536 533 populo,
1566 501 1646 522 cum
1663 490 1799 523 dederit
1813 489 1908 524 Deus
1923 493 2046 534 exiguo
2061 499 2198 537 tempo-

1216 553 1252 574 re
1279 541 1432 573 illustres
1464 540 1641 580 doctores,
1667 537 1870 581 Danielem,
1901 539 2138 583 Ezechielem,
2164 551 2199 577 et

1217 591 1344 624 deinde
1378 589 1485 631 alios,
1522 596 1555 623 et
1583 589 1777 623 manifestis
1804 591 1983 626 miraculis
2007 593 2200 627 ostenderit

1218 653 1314 676 suam
1335 639 1565 683 praesentiam
1583 640 1620 672 in
1636 637 1703 673 hoc
1723 641 1865 684 populo.

1318 690 1428 735 Capta
1445 697 1560 724 autem
1577 690 1665 723 urbe
1692 702 1751 723 rex
1767 689 1957 725 Zedechias
1981 703 2021 726 ex
2036 693 2117 736 fuga
2142 705 2198 726 re·-

1219 748 1350 775 tractus
1374 747 1442 781 est,
1470 747 1503 773 et
1526 741 1569 773 ad
1592 751 1708 783 regem
1731 739 1989 787 Babylonicum
2015 743 2200 785 adductus,

1219 792 1283 825 ubi
1298 791 1362 824 filii
1376 791 1450 823 eius
1473 790 1647 824 interfecti
1666 797 1766 830 sunt,
1793 798 1827 825 et
1848 799 1944 836 pater
1964 792 2096 827 effossis
2113 805 2200 827 ocu-

1220 842 1263 874 lis
1277 840 1494 886 Babylonem
1511 841 1684 874 abductus
1700 847 1760 874 est.

1221 892 1313 925 xima
1332 903 1411 934 pars
1427 891 1551 935 populi
1568 891 1607 923 in
1622 889 1847 927 Chaldaeam.

1323 941 1541 974 Nominatim
1565 947 1680 975 autem
1708 941 1856 976 iusserat
1887 954 1945 976 rex
1977 944 2072 987 parci
2106 943 2201 978 Iere-

1221 991 1331 1032 miae,
1358 998 1391 1024 et
1416 991 1447 1022 ei
1471 1002 1671 1023 concessum
1695 998 1746 1024 est
1768 1003 1909 1026 manere
1932 993 1969 1026 in
1994 994 2105 1037 patria
2122 1006 2201 1028 cum

1221 1040 1381 1084 reliquiis
1403 1040 1541 1083 populi,
1576 1051 1724 1084 quarum
1749 1048 1866 1074 tamen
1880 1043 1995 1076 rabies
2013 1050 2108 1077 tanta
2123 1045 2202 1085 fuit,

1221 1096 1260 1123 ut
1276 1089 1368 1122 inter
1382 1100 1454 1122 sese
1470 1089 1697 1129 dimicarent,
1724 1096 1758 1123 et
1773 1097 1894 1124 contra
1910 1094 2114 1126 mandatum
2125 1093 2202 1134 Dei,

1223 1139 1319 1183 quod
1336 1139 1384 1172 eis
1404 1138 1567 1170 Ieremias
1585 1139 1761 1182 exposuit,
1787 1139 1825 1171 in
1843 1138 2042 1186 Aegyptum
2058 1143 2202 1176 descen·

1224 1190 1366 1228 derent,
1393 1188 1454 1221 ubi
1478 1188 1605 1231 p‘artim
1631 1188 1738 1229 fame,
1765 1190 1893 1232 partim
1919 1191 2125 1226 crudelitate
2147 1204 2203 1226 re-

1223 1250 1305 1282 gum
1324 1237 1580 1283 Aegyptiorum
1596 1239 1786 1282 perierunt.
1840 1238 1891 1274 Ita
1908 1240 1946 1273 in
1965 1242 2086 1285 poenis
2103 1243 2202 1277 furor

1224 1295 1274 1323 est
1290 1300 1425 1322 summa
1442 1300 1573 1333 poena,
1600 1295 1635 1322 et
1653 1289 1864 1323 calamitates
1883 1298 1997 1334 auget.

1326 1338 1421 1372 Haec
1435 1346 1507 1373 tota
1522 1337 1667 1372 historia
1682 1340 1785 1384 plena
1796 1347 1846 1374 est
1858 1342 2095 1385 exemplorum
2109 1344 2204 1378 mul-

1224 1389 1410 1434 tiplicium.
1463 1388 1504 1423 In
1519 1390 1642 1434 poenis
1663 1396 1697 1423 et
1712 1390 1894 1425 furoribus
1917 1392 2203 1438 impiorumlcer-

1224 1440 1321 1474 nitur
1346 1440 1398 1474 ira
1420 1438 1498 1474 Dei.
1551 1439 1690 1474 Rursus
1712 1447 1745 1474 et
1768 1441 2008 1476 misericordia
2036 1444 2204 1485 cernitur,

1225 1502 1304 1524 cum
1337 1490 1430 1523 inter
1458 1497 1571 1524 tantas
1596 1491 1807 1524 calamitates
1831 1492 2001 1537 reliquiae
2025 1490 2203 1528 Ecclesiae

1225 1541 1435 1573 mirabiliter
1450 1551 1469 1573 a
1483 1539 1558 1573 Deo
1573 1548 1766 1584 serventur,
1792 1542 1879 1575 sicut
1896 1542 2013 1587 inquit
2025 1543 2204 1578 Ieremias:

1225 1590 1492 1625 Misericordiae
1514 1589 1678 1629 Domini,
1706 1592 1800 1635 quod
1822 1604 1894 1625 non
1919 1594 2117 1637 consumpti
2144 1606 2204 1628 su-

1225 1652 1313 1676 mus.
1367 1640 1538 1673 Videmus
1552 1647 1667 1674 autem
1686 1648 1718 1674 et
1736 1653 1800 1674 nos
1824 1640 1889 1675 hoc
1911 1649 2066 1686 tempore
2083 1644 2204 1677 ruinas

1225 1689 1455 1733 imperiorum
1477 1697 1510 1722 et
1525 1691 1610 1722 alias
1626 1691 1849 1724 calamitates.
1903 1691 2021 1733 Quare
2037 1704 2204 1736 agnosca-

1224 1750 1302 1772 mus
1330 1739 1418 1771 iram
1446 1739 1532 1778 Dei,
1559 1745 1593 1771 et
1616 1741 1776 1771 conversi
1802 1742 1845 1772 ad
1861 1739 1975 1773 Deum
1994 1750 2150 1785 petamus
2170 1752 2204 1779 et

1224 1794 1442 1832 expectemus
1465 1799 1658 1832 poenarum
1675 1789 1946 1833 mitigationem,
1972 1799 2005 1826 et
2028 1791 2204 1828 Ecclesiae

1225 1838 1537 1873 conservationem.

1327 1888 1484 1933 Tempus
1507 1888 1602 1922 exilii
1624 1889 1738 1923 tribus
1763 1889 1850 1924 Iuda
1872 1891 1909 1924 in
1933 1889 2109 1928 Chaldaea
2125 1902 2204 1939 post

1226 1939 1498 1973 destructionem
1516 1939 1749 1985 lerosolymae
1772 1948 1804 1974 et
1826 1942 1966 1986 templi,
1997 1943 2064 1977 fuit
2089 1957 2204 1979 anno-

1226 2002 1304 2024 rum
1324 1989 1373 2024 70
1398 2001 1508 2035 usque
1530 1991 1573 2023 ad
1597 1988 1682 2036 Cyri
1707 1992 1880 2036 edictum,
1906 1999 1945 2026 ut
1971 2004 2032 2027 suo
2052 1995 2128 2029 loco
2147 1996 2202 2028 di-

1226 2052 1363 2082 cemus,
1389 2040 1426 2073 in
1448 2042 1599 2074 secunda
1619 2039 1836 2076 monarchia.
1888 2042 1976 2077 Nam
2004 2043 2120 2079 adhuc
2147 2058 2203 2079 re-

1226 2091 1372 2125 citamus
1412 2102 1466 2124 res
1502 2092 1722 2135 praecipuaS,
1765 2104 1853 2138 quae
1884 2100 2040 2139 tempore
2070 2097 2203 2140 primae

1226 2139 1450 2175 monarchiae
1472 2142 1695 2183 acciderunt,
1723 2155 1792 2188 quo
1807 2150 1963 2187 tempore
1978 2145 2118 2179 fuerunt
2136 2146 2201 2178 sso-

1226 2192 1421 2226 rentissima
1437 2203 1543 2235 regna
1559 2190 1836 2235 Chaldaeorum,
1863 2195 2086 2240 Assyriorum
2098 2220 2107 2234 ,
2130 2194 2200 2229 Ae-

1225 2243 1443 2289 gyptiorum,
1468 2242 1699 2288 lerosolymae
1717 2251 1749 2278 et
1767 2243 1954 2278 Samariae.

1326 2292 1399 2326 Iam
1416 2293 1453 2326 in
1477 2294 1581 2327 exilio
1598 2294 1866 2329 considerentur
1880 2295 2078 2329 testimonia
2099 2309 2200 2341 prae-

1225 2344 1356 2378 sentiae
1379 2342 1446 2377 Dei
1470 2343 1508 2378 in
1532 2342 1705 2386 Ecclesia,
1733 2356 1820 2390 quae
1842 2345 1995 2380 ostendit
2021 2345 2135 2388 Deus,
2162 2355 2201 2382 ut

1224 2395 1518 2429 confirmarentur
1541 2394 1591 2439 pii
1619 2396 1784 2428 adversus
1808 2395 1912 2436 alios,
1943 2396 2005 2441 qui
2029 2398 2199 2432 vocifera-

1223 2447 1371 2486 bantur,
1398 2443 1544 2479 Iudaeos
1562 2457 1641 2479 cum
1658 2445 1851 2478 amisissent
1869 2457 2034 2489 regnum,
2052 2448 2199 2492 patriam

1222 2503 1254 2530 et
1279 2495 1465 2540 templum,
1491 2493 1606 2529 nihilo
1629 2495 1736 2537 magis
1758 2506 1860 2529 curae
1883 2507 1955 2530 esse
1969 2496 2066 2539 Deo,
2094 2510 2198 2544 quam

1221 2547 1306 2581 alias
1330 2553 1467 2589 gentes,
1498 2553 1537 2581 ut
1560 2545 1716 2579 iudicant
1733 2542 1892 2580 homines
1915 2558 1955 2580 ex
1970 2549 2122 2582 adversis
2143 2549 2198 2582 vel

1221 2597 1382 2631 secundis
1399 2597 1514 2631 rebus.
1567 2595 1635 2630 Sed
1652 2594 1768 2629 statim
1785 2607 1863 2630 cum
1880 2598 2039 2632 adoratio
2066 2605 2199 2633 statuae

1218 2648 1468 2688 mandabatur,
1510 2645 1661 2681 ostendit
1689 2643 1784 2682 Deus
1817 2648 2048 2693 praesentiam
2086 2661 2196 2690 suam,

1812 840 1974 876 Abducta
1999 850 2049 878 est
2074 850 2107 878 et
2124 855 2200 877 ma·
2252 847 2256 851 ”
