2324 2955
206 130 275 165 191
651 120 808 156 DECL.
852 117 925 154 DE
962 116 1107 153 VITA
1149 116 1220 153 ET
1255 115 1535 153 SCRIPTlS
1563 117 1759 152 PLlNll.
2129 117 2199 152 192

195 214 324 249 Poetae
341 212 444 246 lectio
464 211 592 254 placet,
622 207 690 238 iam
706 203 875 239 historiae
891 204 1043 247 cognitio
1069 203 1170 236 duci-
1194 217 1197 248 1
1223 203 1393 236 circulum
1418 202 1643 244 incedebant,
1677 211 1709 237 et
1736 203 1841 235 semel
1864 200 2065 237 inchoatum
2090 202 2202 236 libro-

196 273 254 300 tur
283 263 421 300 utilior,
464 261 532 291 iam
565 257 762 301 praefertur
796 255 991 289 oratorium
1026 253 1171 298 aliquod
1196 258 1198 285 ἷ
1223 266 1300 286 rum
1317 265 1391 284 non
1409 252 1477 284 nisi
1497 252 1683 295 diligenter
1701 254 1888 297 perlectum
1906 265 1946 286 ex
1964 254 2124 286 manibus
2141 254 2203 285 de-

196 316 382 359 scriptum,
410 309 562 343 breviter
577 308 679 340 multi
702 307 782 340 libri
800 304 1025 345 inchoantur,
1052 304 1172 337 nullus
1196 321 1199 356 i
1224 304 1423 348 ponebant,
1451 309 1485 335 et
1505 303 1655 346 publicis
1679 305 1890 337 lectionibus
1918 304 2050 347 privata
2075 304 2204 336 exerci-

197 364 404 410 perlegitur‚
433 367 466 394 et
490 359 592 392 lectio
614 359 687 402 ipsa
713 364 911 401 comparata
937 363 986 389 est
1010 356 1050 388 ad
1071 354 1172 387 volu-
1225 356 1271 388 tia
1293 361 1364 386 tum
1380 353 1542 395 linguae,
1570 361 1643 386 tum
1661 355 1741 398 styli
1765 355 2018 397 adiungebant,
2045 360 2077 386 et
2104 364 2204 396 saepe

197 421 326 460 ptatem
343 418 500 451 tantum,
527 421 598 442 non
617 409 660 442 ad
677 408 933 441 observationis
958 414 989 439 et
1006 405 1174 438 imitatio-
1198 417 1201 448 Ι
1226 416 1303 438 cum
1327 403 1532 447 aequalibus
1560 404 1603 436 de
1636 403 1719 436 locis
1751 405 2014 438 obscurioribus
2047 403 2204 437 confere-

197 466 251 498 nis
269 463 436 497 studium.
488 460 624 494 Eodem
642 459 780 493 fastidio
798 458 900 491 etiam
927 457 1093 490 lectiones
1111 467 1174 487 au-
1198 449 1201 496 Ῑ

197 516 363 551 diuntur,
392 513 460 544 iarn
478 509 562 544 haec
577 510 728 553 eligitur,
755 521 848 548 mox,
874 509 954 553 quia
972 515 1030 540 aut
1048 507 1175 538 immo·
1198 500 1201 572 ἱ

197 572 295 599 ratur
319 563 451 597 diutius
476 562 605 601 lector,
646 568 705 594 aut
730 560 871 592 festinat
902 559 1073 595 nimium,
1117 562 1175 588 aut
1200 573 1201 589 t

198 615 331 660 alioqui
348 625 418 654 reS,
450 624 537 658 quae
554 612 603 644 ibi
620 617 882 655 proponuntur,
909 610 1028 642 minus
1046 605 1177 639 habent
1200 609 1203 662 ἶ

198 666 388 705 suavitatis,
415 664 539 696 omissa
563 663 679 706 priore
704 662 863 701 lectione,
891 660 1032 692 additur
1049 658 1126 696 alia,
1145 663 1178 690 et
1202 667 1204 717 ἰ

198 717 333 750 nullius
350 715 471 758 scripti
489 714 671 757 explicatio
691 713 823 755 integra
841 717 1049 754 expectatur.
1102 706 1177 740 Hac
1202 721 1204 731 ·

199 769 341 801 obsecro
359 766 494 798 ratione
512 764 679 801 discendi,
705 771 775 796 tam
792 762 959 799 delicata,
983 767 1052 792 tam
1078 758 1177 791 fasti-

203 819 313 857 diosa,
328 824 398 849 tam
414 815 581 851 instabili,
600 825 738 857 sperare
752 813 934 857 quisquam
952 812 1104 843 fructum
1124 809 1178 841 di-

198 879 306 912 gnum
323 866 427 900 tantis
450 865 658 908 sumptibus,
688 871 782 897 tanto
807 862 987 905 impendio
1011 859 1178 903 temporis
1204 880 1206 911 ι

199 917 327 952 audet?
354 916 483 949 Atnon
492 916 558 948 fuit
567 921 662 948 tanta
673 914 837 956 segnities
848 912 1038 956 superioris
1048 911 1178 946 aetatis,
1204 926 1205 931 =

198 969 261 1003 ubi
274 975 390 1001 tamen
404 967 513 999 multo
529 966 677 998 maiores
691 977 731 997 ex
748 965 825 997 aliis
838 964 940 997 etiam
958 962 1069 995 causis
1086 961 1178 994 diffi-
1204 951 1206 966 ¹

200 1019 344 1053 cultates
377 1016 592 1049 discentibus
621 1016 889 1048 obiiciebantur.
962 1013 1041 1046 'Non
1072 1009 1179 1043 habe·
1204 1008 1207 1023 ¹

199 1071 286 1103 bant
316 1068 436 1106 istam,
470 1078 573 1111 quam
591 1078 685 1099 nunc
704 1077 765 1098 vos
789 1065 958 1097 vilissimo
976 1062 1180 1107 parabilem,
1205 1065 1207 1077 ³

201 1119 359 1153 omnium
385 1117 603 1160 Scriptorum
629 1117 666 1149 in
685 1115 818 1149 Graeca
845 1123 877 1148 et
902 1115 1026 1147 Latina
1048 1113 1179 1154 lingua,
1205 1120 1207 1127 ¹

201 1170 349 1214 copiam.
391 1167 428 1201 Si
446 1167 524 1211 quis
536 1166 711 1200 Graecum
727 1167 930 1210 scriptorem
948 1172 1007 1197 aut
1018 1163 1179 1195 Latinum
1206 1179 1207 1187 κ

200 1220 305 1265 paulo
337 1218 560 1251 remotiorem
590 1218 633 1250 ab
668 1229 733 1250 usu
765 1216 942 1249 communi
973 1223 1181 1256 cognoscere
1206 1218 1209 1223 ’

200 1271 358 1310 volebat,
385 1275 445 1301 aut
463 1279 589 1309 magno
615 1274 758 1310 sumptu
782 1279 822 1298 ex
838 1265 936 1298 Italia
955 1275 1065 1308 usque
1081 1263 1180 1294 illum

201 1328 338 1365 petere,
366 1326 426 1351 aut
440 1318 599 1361 ,plurimo
616 1318 736 1348 labore
756 1324 787 1348 et
807 1316 956 1356 vigiliis,
984 1326 1062 1345 cum
1085 1312 1182 1343 vale-

201 1370 336 1405 tudinis
378 1368 481 1401 etiam
526 1366 700 1410 periculm
742 1365 938 1397 describere
981 1362 1180 1404 cogebatur.

201 1421 368 1455 Nondum
392 1424 491 1451 erant
515 1417 562 1450 ita
587 1417 782 1449 illustratae
805 1421 915 1453 artes,
943 1416 1000 1446 sed
1038 1412 1184 1444 obrutae

202 1470 501 1514 ineptissimorum
520 1466 855 1500 commentariorum
871 1463 1016 1507 prolixis
1040 1460 1184 1493 insulsis

204 1522 325 1565 nugiS,
356 1531 440 1564 quas
468 1517 530 1550 ubi
554 1528 679 1558 magno
705 1517 824 1548 labore
841 1515 1039 1550 evolveras,
1068 1511 1185 1543 minus

203 1573 383 1617 aliquanto
401 1565 558 1602 authoris
574 1567 781 1599 sententiam
803 1563 1053 1609 assequebaris,
1081 1572 1184 1606 quam
1210 1555 1213 1610 J

204 1630 323 1659 antea,
352 1627 385 1653 et
409 1619 610 1652 discedebas
632 1629 710 1649 cum
727 1613 950 1658 Demiphone
969 1612 1184 1645 Terentiano
1211 1616 1214 1652 t

205 1675 374 1706 fremens:
419 1668 563 1702 Fecistis
591 1668 717 1712 probe,
761 1666 927 1698 incertior
952 1675 1028 1696 sum
1064 1663 1186 1701 multo,
1212 1654 1214 1691 l

206 1735 311 1768 quam
337 1721 482 1754 dudum.

305 1770 427 1805 Nihilo
452 1771 569 1802 minus
594 1776 710 1802 tamen
734 1768 771 1800 in
797 1766 856 1798 illa
873 1766 946 1809 ipsa
971 1772 1003 1797 et
1027 1764 1187 1797 codicum

204 1823 364 1870 penuria,
387 1828 419 1854 et
434 1821 561 1853 artium
578 1819 799 1856 obscuritate,
822 1823 854 1849 et
871 1823 961 1849 recte
982 1815 1185 1848 docentium

206 1875 397 1920 paucitate,
426 1879 457 1904 et
474 1871 596 1903 inillis
613 1869 724 1902 initiis
743 1874 946 1911 repurgatae
963 1867 1102 1908 linguae
1118 1863 1186 1896 La-

205 1927 300 1959 tinae
317 1922 522 1961 etGraecae,
539 1921 641 1954 multi
660 1919 866 1952 excellenter
883 1918 977 1950 docti
994 1921 1188 1953 evaserunt,

207 1987 356 2021 quorum
382 1971 496 2005 adhuc
519 1969 623 2003 hodie
647 1971 774 2013 partim
803 1981 904 2005 voce,
932 1968 1058 2010 partim
1085 1967 1188 1997 lucu-

206 2024 444 2062 brationibus,
479 2034 557 2055 cum
589 2032 724 2053 summa
753 2021 949 2052 studiorum
983 2024 1185 2050 nostrorum

206 2078 356 2111 utilitate
381 2074 552 2110 fruimur,
588 2071 648 2116 qui
670 2079 760 2104 certe
783 2070 849 2102 viri
876 2070 913 2101 in
937 2069 1006 2101 illis
1031 2066 1188 2100 discendi

209 2125 485 2163 difficultatibus,
510 2134 691 2166 nunquam
710 2122 750 2153 ad
770 2121 802 2152 id
822 2119 998 2161 fastigium
1017 2117 1188 2151 eruditio-

209 2179 263 2210 nis
287 2175 545 2220 pervenissent,
580 2173 609 2205 si
633 2172 788 2204 molliter
813 2183 850 2202 ac
882 2170 1028 2202 delicate
1054 2169 1188 2201 labores

210 2227 367 2260 discendi
391 2235 565 2268 capessere
591 2222 802 2261 voluissent,
831 2221 857 2253 si
876 2232 938 2263 per
960 2219 1142 2252 intervalla
1157 2225 1190 2251 et

212 2277 389 2311 fastidiose
408 2276 516 2307 libros
543 2275 613 2307 situ
639 2280 671 2306 et
690 2273 832 2316 pulvere
851 2272 1038 2309 obductos,
1067 2270 1190 2301 leviter

211 2327 440 2372 aspexissent,
469 2338 505 2356 ac
533 2337 614 2357 mox
637 2325 753 2355 denuo
781 2322 1004 2358 abiecissent,
1031 2321 1059 2352 si
1079 2320 1190 2351 maio-
1213 2322 1216 2353 ἲ

211 2390 285 2412 rem
305 2383 436 2421 partem
460 2375 529 2406 diei
554 2375 680 2415 ignavo
705 2374 780 2406 ocio
811 2379 870 2405 aut
886 2371 1021 2404 frivolis
1042 2383 1190 2413 occupa·
1214 2394 1216 2396 v

211 2428 381 2463 tiunculis
415 2425 726 2467 consumpsissent,
763 2431 801 2457 ut
835 2434 930 2455 nunc
960 2422 1116 2465 plerique
1139 2421 1191 2452 fa-

211 2481 321 2513 ciunt:
366 2477 423 2509 sed
441 2476 522 2520 quia
540 2475 575 2507 in
594 2475 740 2507 iuvenili
756 2480 865 2507 aetate
886 2472 977 2505 serio
1002 2483 1120 2504 amore
1137 2471 1191 2503 di-
1215 2485 1217 2512 3

212 2528 332 2563 scendi
351 2527 562 2569 flagrabant,
591 2533 622 2558 ot
641 2522 857 2558 adhibebant
882 2524 1093 2556 indefessum
1117 2529 1191 2553 stu·
1216 2521 1217 2526 ’

211 2581 329 2619 dium,
364 2590 402 2611 ac
429 2576 662 2609 constantiam
690 2575 889 2608 vincentem
914 2573 1049 2618 aliquas
1081 2572 1191 2604 mole-

211 2631 312 2669 stias,
339 2636 372 2662 et
398 2634 491 2661 certo
515 2626 660 2665 ordine,
696 2638 797 2669 quem
822 2625 949 2669 privati
976 2631 1035 2657 aut
1061 2622 1190 2667 publici

215 2681 414 2716 studiorum
448 2684 598 2711 rectores
629 2684 930 2715 monstraverant,
968 2687 1029 2717 per
1063 2673 1190 2706 artium

1227 457 1330 494 bant,
1359 461 1391 486 et
1415 454 1451 485 in
1477 455 1546 487 vita
1573 465 1611 486 ac
1633 454 1793 487 moribus
1810 456 2053 492 sobrietatem,
2081 455 2204 486 mode-

1227 505 1340 542 stiam,
1369 517 1407 536 ac
1424 516 1502 547 erga
1522 512 1761 548 praeceptores
1777 516 1858 538 suos
1874 505 2131 538 observantiam
2147 516 2206 537 co-

1227 556 1362 589 lebant:
1390 562 1625 598 pervenerunt
1649 556 1692 587 ad
1720 553 1810 588 hanc
1828 555 2035 588 eruditionis
2052 556 2206 593 laudem,

1228 618 1294 651 qua
1313 617 1406 638 nunc
1425 605 1576 648 fulgent,
1603 618 1641 637 ac
1659 606 1759 638 nobis
1779 605 1913 650 totique
1930 605 2121 649 posteritati
2139 605 2207 637 uti—

1230 658 1309 690 liter
1329 656 1497 690 serviunt.
1547 654 1683 688 Horum
1704 668 1767 689 nos
1786 657 1941 700 exempla
1959 655 2088 688 imitari
2109 656 2209 688 dece-

1230 709 1308 746 bat,
1335 707 1470 751 quoties
1497 718 1555 739 eos
1580 706 1777 746 intuemur,
1805 706 1940 751 quoties
1964 718 2084 739 eorum
2110 716 2211 738 voces

1230 758 1375 791 auribus
1389 755 1584 796 haurimus,
1608 764 1669 790 aut
1686 757 1812 801 scripta
1829 757 2026 801 aspicimus,
2053 767 2210 800 praeser-

1230 809 1292 842 tim
1316 820 1394 841 cum
1419 807 1521 840 nobis
1549 808 1660 840 multo
1682 809 1723 839 ad
1747 807 1952 841 discendum
1977 808 2094 851 plures
2111 818 2211 839 occa·

1230 860 1345 892 siones
1379 858 1501 891 divina
1526 858 1710 892 clementia
1746 855 1812 891 hoc
1847 865 2006 902 tempore
2035 857 2210 891 tribuerit,

1232 922 1317 954 quas
1341 917 1584 952 praeceptores
1607 915 1746 942 nostros
1771 920 1806 940 se
1824 920 1895 940 non
1912 906 2039 940 habere
2056 907 2210 951 potuisse

1204 972 1206 993 ἵ
1231 969 1314 993 tunc
1328 960 1365 992 in
1382 959 1615 992 adolescentia
1635 971 1706 998 sua,
1723 971 1822 1003 saepe
1841 959 2024 1003 deplorare
2038 958 2213 991 audimus.

1334 1026 1467 1060 Pudeat
1500 1025 1607 1068 igitur
1636 1037 1699 1058 nos
1730 1026 1890 1068 ignaviae
1913 1032 2071 1063 nostrae,
2115 1024 2213 1068 quod

1205 1087 1207 1106 3
1232 1078 1337 1110 tantis
1370 1076 1539 1110 cumulati
1569 1076 1878 1109 commoditatibus
1902 1082 1935 1123 et
1958 1074 2214 1113 occasionibus,

1205 1152 1207 1172 2
1233 1129 1280 1161 ita
1310 1128 1462 1170 segniter
1495 1127 1533 1158 in
1565 1127 1690 1159 studiis
1720 1138 1918 1166 versamur,
1953 1133 1985 1159 et
2008 1137 2082 1158 non
2114 1124 2216 1157 aliter

1234 1179 1344 1210 libros
1373 1177 1596 1218 attingimus,
1624 1189 1728 1220 quam
1753 1177 1932 1210 delicatuli
1951 1188 2029 1208 cum
2045 1186 2139 1208 rosas
2155 1175 2218 1206 de-

1234 1235 1397 1271 cerpunt,
1424 1228 1603 1270 spinarum
1629 1227 1766 1259 aculeos
1788 1227 2034 1262 formidantes,
2071 1237 2216 1257 manum

1235 1279 1384 1310 subinde
1418 1274 1614 1309 retrahunt.
1677 1276 1802 1309 Doleat
1838 1277 1941 1309 nobis
1977 1275 2216 1318 dispendium,

1207 1347 1210 1354 ·
1235 1339 1308 1358 non
1326 1326 1492 1369 pecuniae
1511 1326 1637 1363 modo,
1663 1327 1721 1357 sed
1741 1326 1926 1369 praecipue
1949 1325 2117 1367 temporis
2140 1325 2214 1356 sine

1235 1377 1352 1409 fructu
1382 1375 1598 1422 consumpti,
1638 1375 1687 1407 rei
1728 1376 1887 1408 omnium
1930 1375 2218 1419 preciosissimae‚

1238 1435 1270 1459 et
1287 1428 1349 1458 ubi
1374 1426 1481 1458 semel
1508 1426 1631 1467 periit,
1659 1426 1779 1457 damni
1805 1425 2095 1469 irrecuperabilis.
2151 1424 2214 1459 Su-

1238 1478 1317 1509 beat
1335 1476 1437 1508 nobis
1457 1487 1538 1507 cura
1558 1477 1599 1507 de
1622 1475 1811 1507 reddendis
1837 1476 2056 1515 rationibus,
2090 1487 2174 1520 quas
2201 1487 2219 1507 a

1238 1527 1342 1559 nobis
1360 1526 1497 1567 exigent
1513 1526 1703 1569 aliquando
1724 1533 1963 1569 praeceptores
1982 1526 2105 1564 nostri,
2131 1526 2221 1558 iuste

1239 1577 1488 1621 exprobrantes
1498 1576 1713 1620 nobis‚quod
1724 1577 1838 1608 lucem
1851 1577 2104 1615 doctrinarum,
2115 1588 2220 1620 quam

1239 1628 1307 1672 ipsi
1328 1627 1473 1659 summis
1498 1638 1576 1659 cum
1602 1626 1884 1666 difficultatibus,
1909 1627 2069 1659 maximis
2088 1627 2220 1659 labori-

1240 1680 1322 1718 bus,
1346 1685 1379 1710 et
1401 1689 1473 1709 non
1499 1677 1573 1709 sine
1593 1677 1750 1720 periculo
1777 1678 1893 1710 denuo
1919 1688 2098 1710 accensam
2127 1678 2220 1720 apud

1240 1740 1304 1762 nos
1322 1729 1577 1772 deposuerunt,
1606 1734 1723 1760 nostra
1748 1727 1874 1761 inertia
1899 1735 1931 1762 et
1953 1727 2113 1765 socordia
2130 1728 2220 1771 passi

1240 1780 1350 1813 simus
1369 1778 1578 1811 intercidere
1595 1785 1628 1810 et
1645 1778 1812 1821 extingui.

1339 1844 1531 1888 Praecipue
1549 1851 1665 1877 autem
1685 1857 1748 1877 nos
1763 1852 1902 1878 moveat
1921 1846 2125 1878 mandatum
2142 1844 2223 1885 Dei,

1240 1904 1279 1931 ut
1300 1896 1467 1928 maiorem
1494 1895 1530 1927 in
1554 1895 1721 1928 discendo
1740 1895 1979 1928 assiduitatem
1998 1903 2224 1939 praestemus,

1241 1948 1301 1992 qni
1326 1947 1429 1979 nobis
1454 1946 1490 1978 in
1513 1943 1604 1978 hanc
1621 1944 1862 1979 scholasticam
1879 1946 2063 1979 stationem
2080 1947 2223 1985 vocatis,

1241 2010 1322 2031 suae
1338 1997 1517 2030 doctrinae
1535 1994 1789 2039 possessionem
1808 2004 1838 2029 et
1867 1997 2153 2040 propagationem
2171 2008 2224 2028 se-

1241 2047 1598 2085 rio‘commendavit,
1626 2055 1657 2080 et
1682 2060 1721 2080 eo
1745 2047 1923 2090 graviores
1949 2048 1992 2079 de
2019 2047 2122 2080 nohis
2140 2059 2222 2090 poe-

1243 2112 1303 2132 nas
1331 2106 1462 2138 sumet,
1490 2110 1559 2142 quo
1585 2098 1747 2141 pluribus
1765 2109 1827 2130 nos
1854 2097 2015 2130 discendi
2031 2098 2223 2130 occasioni-

1242 2152 1307 2183 bus
1323 2149 1423 2195 quasi
1443 2149 1580 2187 obruit,
1610 2149 1636 2180 si
1656 2161 1712 2181 eas
1730 2148 1901 2192 flagitiose
1917 2149 2108 2191 neglexisse
2126 2148 2224 2180 vide-

1244 2202 1372 2235 bimur.

1344 2267 1585 2302 Certissimum
1612 2274 1662 2299 est
1687 2273 1801 2299 autem
1826 2265 2021 2297 doctrinam
2049 2263 2224 2299 Ecclesiae
2260 2270 2265 2274 “

1245 2321 1486 2362 incorruptam
1515 2325 1546 2350 et
1572 2327 1772 2362 synceram,
1800 2316 1875 2347 sine
1899 2316 2089 2358 multiplici
2107 2318 2225 2350 erudi-

1243 2371 1340 2403 tione
1365 2376 1399 2403 et
1422 2369 1622 2411 linguarum
1649 2366 1848 2409 cognitione
1875 2366 2020 2398 retineri
2040 2374 2072 2399 et
2098 2379 2226 2412 propa-

1244 2421 1317 2464 gari
1334 2432 1406 2453 non
1426 2430 1540 2463 posse.
1585 2418 1713 2460 Quare
1731 2417 1758 2448 si
1785 2416 1930 2449 verbum
1957 2417 2129 2455 div-initus
2153 2426 2225 2451 tra--

1245 2472 1358 2504 ditum
1391 2470 1679 2512 magnifacimus,
1715 2467 1743 2498 si
1769 2464 1946 2499 Ecclesiae
1977 2479 2042 2500 nos
2072 2469 2164 2502 cives
2189 2481 2226 2502 ac

1244 2522 1401 2554 membra
1418 2520 1658 2563 agnoscimus,
1685 2517 1784 2560 eique
1802 2529 1864 2550 nos
1884 2525 1974 2551 totos
1992 2519 2118 2551 debere
2137 2519 2224 2552 fate-

1245 2584 1346 2611 mur,
1374 2579 1412 2605 ut
1430 2570 1678 2615 aequissimum
1697 2575 1763 2605 est,
1792 2579 1927 2600 summa
1951 2580 2032 2601 cura
2060 2570 2097 2601 in
2116 2570 2151 2602 id
2170 2571 2226 2602 in-

1246 2624 1472 2658 cumbamus,
1501 2628 1538 2653 ut
1563 2619 1674 2652 literis
1702 2618 1928 2661 politioribus
1948 2626 1981 2652 et
2005 2620 2140 2653 artibus
2163 2633 2225 2653 nc-

1246 2673 1402 2705 ces-sariis
1421 2673 1464 2704 ita
1485 2682 1548 2703 nos
1565 2670 1789 2706 instruamus,
1815 2677 1853 2702 ut
1872 2671 2125 2712 possessiouem
2143 2683 2223 2704 coe-
