2324 2955
107 100 182 135 729
787 96 815 132 1.

107 246 197 275 esse,
231 235 422 267 ostendunt
449 232 540 266 hanc
563 233 805 266 narrationem
838 233 947 267 Moisi
978 246 1093 267 veram

107 296 201 325 esse,
228 291 261 318 et
288 297 323 317 se
348 284 559 318 recentiores
584 295 658 316 esse
680 281 744 317 hac
769 285 895 328 stirpe,
926 296 1014 330 quae
1038 282 1094 317 hic

106 341 412 368 commemoratur.
464 333 669 368 Recensebo
696 335 804 377 igitur
834 336 980 368 nomina
1002 335 1093 368 filio-

105 398 184 420 rum
200 384 340 424 Nohae,
368 391 399 418 et
419 396 541 418 eorum
560 386 619 429 qni
638 397 677 417 ex
696 386 744 418 eis
760 386 942 429 propagati
960 392 1054 421 sunt.

203 435 287 468 Filii
312 433 436 468 Nohae
459 436 602 469 suerunt
624 435 723 476 Sem,
757 433 867 469 Cham
895 443 929 469 et
956 434 1089 480 [aphet.

102 484 156 519 Ex
174 483 229 518 his
247 497 367 519 omnes
392 492 511 528 gentes
535 493 735 530 procreatae
754 493 846 520 sunt.
897 484 949 520 Ac
973 493 1091 531 poste-

103 536 188 569 ritas
212 535 294 570 Sem
318 537 394 569 loca
417 537 532 570 vicina
555 534 732 580 Euphrati
756 548 876 570 versus
903 535 1089 571 Orientem

101 586 296 630 occupavit.
357 585 469 620 Cham
503 588 578 620 loca
613 587 729 621 vicina
765 587 910 621 Iordani
937 594 971 621 et
995 586 1090 628 Nilo,

99 648 304 680 progressus
338 649 459 670 versus
494 636 696 670 Meridiem.
761 636 885 682 Iaphet
912 638 1086 670 minorem

98 685 222 722 Asiam
255 699 376 720 versus
401 686 631 721 Occidentem
661 689 792 729 tenuit,
825 689 921 722 unde
956 688 1086 721 multae

97 744 218 780 gentes
240 737 278 771 in
300 736 445 782 Europa
466 745 678 783 propagatae
704 746 798 773 sunt.

385 828 476 857 Filii
506 829 587 858 Sem
619 828 810 867 quinqua*

199 886 359 928 Elam,
386 888 490 932 stirps
507 895 558 922 est
568 887 767 928 Persarum,
795 889 888 932 quod
907 887 944 920 in
962 888 1084 921 lectio-

97 951 142 972 ne
156 937 416 983 Prophetarum
436 939 524 971 scire
542 949 680 970 necesse
698 945 766 979 est,
789 938 850 970 ubi
870 949 948 971 cum
967 939 1084 971 nomi-

96 996 203 1023 natur
216 988 336 1030 Elam,
363 989 614 1031 intelliguntur
636 987 775 1020 Persae.
828 985 876 1020 Et
893 988 930 1021 fit
949 989 1083 1022 mentio

94 1040 189 1083 apud
223 1036 498 1082 Xenophontem
537 1037 652 1071 tribus
684 1035 868 1070 Elamidos
902 1039 944 1070 de
977 1037 1084 1084 Cyro.

94 1088 277 1132 Significat
312 1095 428 1121 autem
463 1099 595 1120 nomen
630 1084 770 1118 Elam
814 1088 1082 1124 adolescentem.

93 1137 142 1173 Et
164 1139 248 1171 inde
270 1150 400 1171 nomen
426 1144 477 1171 est
492 1137 615 1177 Alma,
640 1135 765 1169 Esaiae
780 1136 833 1170 7..-
867 1136 958 1170 Ecce
982 1139 1080 1182 virgo

93 1189 279 1233 concipiet.

195 1236 358 1278 Assur,
385 1236 421 1269 id
448 1243 517 1277 est,
547 1236 688 1278 beatus,
713 1236 797 1271 inde
821 1239 984 1283 Assyrios
1008 1250 1080 1272 esse

92 1302 161 1323 vox
186 1289 261 1333 ipsa
288 1287 451 1322 ostendit.
506 1284 552 1320 Et
575 1298 734 1330 expresse
757 1289 888 1322 dicitur
915 1289 951 1321 in
974 1296 1080 1330 textu,

94 1341 138 1373 ab
159 1336 272 1373 Assur
294 1338 473 1372 conditam
498 1348 570 1370 esse
592 1336 767 1379 Niuiven,
793 1352 898 1383 quam
922 1340 1027 1372 fuisse
1044 1341 1079 1372 in

93 1390 238 1436 Assyria
254 1395 400 1423 constat.
450 1387 631 1430 Significat
649 1394 764 1421 autem
792 1387 968 1423 lViniwe
994 1390 1080 1423 Nini

92 1441 256 1476 domum,
283 1451 344 1472 seu
362 1438 571 1481 simpliciter
587 1435 856 1475 habitationem.

193 1488 327 1527 Ninus,
355 1488 392 1521 id
411 1494 479 1528 est,
506 1488 616 1528 filius,
642 1486 768 1522 Esaiae
791 1488 852 1523 14.
903 1488 950 1523 Et
966 1491 1079 1523 sciant

92 1539 261 1578 studiosi,
285 1540 442 1574 diversas
466 1538 570 1571 urbes
593 1549 683 1578 esse,
710 1546 743 1573 et
763 1539 942 1573 interdum
961 1541 1080 1573 diver-

90 1602 210 1623 sorum
229 1601 350 1633 regum
367 1599 463 1621 arces
479 1588 596 1628 fuisse,
623 1587 778 1622 Niniven
795 1597 827 1623 et
845 1588 1079 1635 Babylonem.

195 1635 530 1687 ΑνρῘιαεΙιεαιΙ,
558 1638 594 1670 id
622 1645 691 1679 est,
719 1651 847 1673 sanans
869 1641 1079 1677 vastitatem.

93 1687 151 1724 Ab
178 1688 245 1723 hoc
269 1690 338 1723 orti
361 1695 443 1722 sunt
465 1686 649 1723 Chaldaei.
703 1687 751 1722 Et
771 1691 816 1723 ab
849 1689 923 1723 eius
952 1698 1080 1734 nepote

91 1739 226 1779 Eber,
258 1739 410 1777 Ebraei‚
438 1738 475 1770 id
492 1744 559 1778 est,
586 1739 876 1781 peregrinatores.
931 1738 990 1774 Ab
1015 1739 1080 1774 hae

90 1791 200 1836 stirpe
220 1797 318 1824 ortus
334 1795 385 1823 est
399 1784 615 1827 Abraham,
641 1794 681 1821 ut
697 1786 844 1823 Genesis
863 1791 921 1826 11.
939 1791 1078 1833 legitur·

88 1840 238 1876 Constat
251 1841 378 1885 igitur,
402 1837 554 1872 Messiae
573 1838 716 1882 stirpem
733 1851 804 1873 esse
821 1838 937 1883 Sem,
963 1841 1077 1875 filium

89 1890 226 1927 Nohae.

191 1937 316 1982 Luci,
344 1940 472 1981 idest,
499 1938 621 1974 Natus.

193 1990 352 2032 Aram,
380 1991 416 2024 id
441 1998 510 2031 est,
537 1990 713 2025 sublimis.
770 1990 865 2025 Hinc
889 1992 983 2039 Syrii
1011 1994 1078 2027 orti

89 2050 184 2078 sunt.
243 2040 291 2076 Et
321 2042 526 2086 metropolis
561 2040 684 2086 Syriae
714 2047 763 2075 est
792 2041 1005 2083 Damascus,
1039 2051 1080 2078 ut

89 2092 215 2129 Esaiae
231 2093 267 2130 7.
286 2092 457 2137 scriptum
475 2099 543 2126 est:
571 2089 687 2136 Caput
703 2090 814 2127 Aram
831 2092 1034 2130 Damascus,

401 2185 614 2214 Posteritas
646 2184 767 2213 Cham.

144 2235 148 2240 .
191 2242 338 2287 Clzus,
383 2245 489 2289 stirps
526 2243 745 2289 Aethiopum
783 2245 821 2278 in
855 2246 980 2280 ultima
1017 2259 1077 2280 ora

91 2295 285 2343 Aphricae,
319 2296 382 2331 ubi
414 2295 487 2330 Nili
518 2296 632 2329 sontes
664 2302 764 2337 sunt,
798 2303 837 2330 ut
869 2296 1018 2330 Genesis
1043 2298 1077 2333 2.

92 2349 261 2393 scriptum
280 2354 345 2382 est:
372 2346 509 2381 Circuit
523 2358 664 2380 omnem
681 2353 810 2380 terram
824 2344 934 2384 Chus.
968 2346 1074 2393 Apud

89 2399 331 2434 Ptolemaeum
356 2398 393 2432 in
423 2398 485 2431 illa
518 2398 687 2432 interiore
717 2396 830 2443 Libya
863 2411 996 2432 nomen
1027 2406 1077 2433 est

89 2448 270 2484 Chusitae.

189 2499 273 2534 Filii
301 2497 399 2532 Chus
429 2507 530 2540 sunt,
564 2498 655 2534 Saba
688 2506 720 2533 et
746 2497 861 2533 Evila.
919 2497 953 2533 A
983 2497 1075 2534 Saba

87 2558 170 2585 sunt
188 2550 327 2585 Sabaei.
379 2548 438 2583 Ab
455 2548 557 2584 Evila
573 2562 654 2596 pars
670 2549 858 2584 Indorum.

191 2596 408 2639 Nimrod,
434 2601 470 2634 id
487 2608 555 2644 est,
580 2613 720 2636 amarus
737 2602 952 2636 dominator.
1006 2600 1074 2635 Hic

89 2653 126 2686 in
145 2650 328 2699 Babylone
344 2651 478 2696 primus
494 2652 542 2686 ita
558 2653 760 2688 dominatus
778 2660 846 2694 cst,
881 2660 920 2687 ut
940 2651 1074 2687 vicinos

138 2704 316 2737 ΜιῑιΑΝτκ.
342 2705 444 2738 Orien.
471 2704 553 2737 Vm..
569 2704 646 2737 ΧΠ.

869 95 1161 134 CIIRONICON
1195 97 1442 137 CARIONIS.

109 196 187 218 cum
212 184 388 216 fateantur
413 181 560 223 Gracci,
587 192 622 214 se
648 181 690 214 ab
710 180 829 226 Iapeto
853 190 886 217 et
903 183 988 217 Ione
1002 190 1096 217 ortos
1121 186 1125 231 J
1148 182 1182 215 vi
1208 185 1359 227 coegerit
1392 187 1429 220 in
1455 200 1560 222 unam
1593 191 1732 236 imperii
1763 193 1924 230 sormam.

2064 114 2137 148 730

1985 193 2043 230 Ab
2069 196 2136 232 hoc

1146 234 1254 276 igitur
1270 236 1397 270 initum
1415 239 1544 273 factum
1562 249 1628 283 est,
1651 244 1798 287 imperia
1823 246 1856 277 vi
1873 253 1906 279 et
1920 248 2027 280 armis
2048 261 2133 282 con-

1145 285 1336 327 stituendi,
1364 300 1443 320 cnm
1469 297 1568 324 antea
1587 294 1666 336 plus
1687 295 1817 329 valeret
1833 303 1976 339 paterna
1996 301 2131 332 autori-

1143 340 1212 376 tas,
1237 343 1270 369 et
1288 339 1418 371 seniori
1437 341 1525 382 patri
1543 344 1669 376 caeteri
1686 345 1778 377 ultro
1797 355 1969 389 parerent.
2004 347 2129 384 Postea

1143 385 1211 418 cito
1229 399 1307 420 cum
1326 401 1440 423 mores
1458 392 1579 426 fierent
1598 395 1810 436 deterioreS,
1840 404 1873 431 et
1889 400 2037 440 grassari
2064 401 2129 433 ali-

1143 437 1203 480 qui
1229 439 1363 481 rapinis
1386 447 1420 474 et
1445 443 1610 476 caedibus
1633 446 1823 488 cepissent,
1857 460 1922 482 nec
1955 450 2085 483 vellent
2109 463 2129 484 a

1141 489 1349 529 parentibus
1372 497 1404 523 et
1420 491 1546 525 vicinis
1569 491 1749 528 coherceri
1774 503 1833 529 aut
1850 499 1985 541 puniri,
2013 507 2045 533 et
2063 499 2127 533 ha-

1141 537 1265 572 herent
1282 540 1422 573 turbam
1441 544 1610 576 scelerum
1630 545 1780 584 sociam,
1805 554 1836 580 et
1861 558 2037 592 receptus,
2064 563 2126 583 ne-

1140 599 1231 621 cesse
1246 589 1313 624 suit
1330 591 1415 624 tales
1435 594 1617 635 praesidiis
1632 595 1796 638 reprimi,
1827 604 1859 631 et
1882 600 1924 632 ad
1943 600 2073 633 iudicia
2087 613 2125 634 ac

1139 651 1268 682 poenas
1284 640 1453 683 pertrahi,

1901 682 1908 693 .

1244 698 1294 731 Ita
1310 700 1463 743 primum
1480 701 1626 745 imperia
1641 704 1747 737 armis
1762 706 1951 740 constituta
1968 716 2049 742 sunt
2064 711 2125 753 per

1138 748 1252 781 virum
1270 750 1413 791 sortem,
1441 753 1614 795 praesidia
1635 755 1858 789 ordinantem
1879 764 1911 790 et
1929 759 2126 801 ducentem,

1138 806 1171 832 et
1187 799 1316 832 iudicia
1331 801 1516 843 praesidiis
1531 804 1790 839 defendentem.
1841 806 1933 849 Quia
1953 809 2028 842 sine
2046 822 2123 843 exe—

1137 849 1278 882 cutione
1302 850 1354 882 lex
1381 858 1431 885 est
1455 852 1571 886 inanis
1599 856 1754 897 sonitus,
1790 864 1827 890 ut
1849 856 2042 893 Aeschines
2067 862 2124 893 in-

1137 900 1231 943 quit:
1270 897 1392 934 Uinii-*v
1410 901 1540 947 ὂᾳελος
1560 904 1759 947 πολιτείας,
1788 905 1839 952 μὴ
1865 906 2016 954 ἐχούσης
2038 914 2123 945 νεῦ-

1136 961 1183 993 ρα
1210 947 1266 983 ἐπὶ
1289 948 1520 990 ἀδικοῦντας.
1575 954 1657 987 Ideo
1686 957 1816 990 dicitur
1839 958 1989 993 Nimrod
2016 962 2123 994 fuisse

1136 1000 1302 1033 robustus
1316 1008 1463 1034 venator
1478 1015 1594 1036 coram
1612 1005 1789 1047 Domino,
1817 1008 1850 1040 id
1878 1017 1926 1043 est
1940 1037 1949 1050 ‚
1975 1018 2123 1044 venator

1136 1050 1267 1082 ducens
1284 1051 1474 1092 exercitus,
1501 1060 1540 1086 ut
1556 1056 1663 1087 armis
1679 1064 1816 1099 cogeret
1832 1055 1995 1093 homines
2012 1063 2053 1093 ad
2072 1062 2122 1094 le—

1134 1100 1292 1140 gitimam
1327 1101 1578 1138 obedientiam.
1639 1104 1797 1139 Additur
1825 1115 1958 1143 autem:
2001 1122 2120 1144 coram

1133 1148 1316 1190 Domino,
1359 1153 1455 1195 quod
1488 1154 1674 1197 significat,
1714 1158 1792 1191 Deo
1817 1159 1922 1192 dante
1947 1161 1977 1192 ei
2001 1163 2123 1203 robur,

1134 1201 1319 1242 victorias,
1354 1209 1386 1235 et
1414 1213 1610 1238 successum
1637 1206 1675 1238 in
1700 1208 1947 1243 constituendo
1980 1218 2013 1244 et
2038 1214 2122 1246 reti-

1133 1252 1252 1283 nendo
1271 1251 1436 1295 imperio.
1489 1254 1571 1288 Non
1597 1256 1691 1288 enim
1710 1259 1884 1292 retinetur
1909 1262 2121 1304 obedientia,

1133 1301 1201 1333 nisi
1225 1300 1302 1334 Deo
1330 1303 1492 1345 iuvante,
1517 1312 1556 1339 ut
1581 1307 1629 1340 ait
1652 1307 1796 1341 Daniel:
1828 1307 1935 1343 Deus
1954 1314 2119 1346 transfert

1133 1358 1166 1384 ct
1184 1352 1315 1385 stabilit
1333 1365 1452 1396 regna.

1234 1407 1388 1443 Jtlizra
1400 1410 1474 1453 im,
1503 1412 1536 1444 id
1555 1420 1624 1451 est,
1652 1415 1803 1450 rebellis.
1846 1415 1914 1451 IIic
1936 1424 2119 1465 occupavit

1133 1471 1208 1491 eam
1231 1461 1430 1503 regionem,
1466 1475 1553 1507 quae
1583 1472 1700 1507 postea
1723 1467 1904 1500 nominata
1930 1477 1979 1503 est
2002 1473 2118 1514 Aegr-

1133 1516 1223 1552 ptus.
1278 1511 1330 1543 Ac
1350 1524 1443 1544 nnnc
1456 1525 1595 1557 quoque
1607 1513 1739 1548 Arabes
1755 1523 1787 1549 et
1805 1516 1914 1550 Turci
1933 1513 2121 1555 nominant

1133 1572 1208 1592 eam
1229 1559 1348 1596 Mizri.
1401 1561 1485 1595 Filii
1503 1571 1619 1596 antem
1639 1564 1815 1607 Mizraim,
1842 1566 1984 1611 Ludim,
2013 1584 2030 1604 a
2050 1586 2119 1617 quo

1134 1610 1264 1654 Lydios
1282 1619 1377 1644 ortos
1398 1624 1469 1646 esse
1496 1615 1605 1656 magis
1622 1624 1897 1650 consentaneum
1918 1628 1987 1661 est,
2014 1635 2120 1667 quam

1131 1671 1149 1693 a
1170 1660 1260 1695 Lud.
1314 1661 1407 1703 Quia
1431 1676 1469 1695 cx
1494 1663 1653 1710 Aegypto
1675 1667 1792 1699 brevis
1809 1669 1986 1712 navigatio
2010 1680 2059 1707 est
2076 1675 2122 1707 ad

1130 1710 1230 1743 littus
1247 1709 1401 1744 MinoriS
1418 1710 1541 1753 Asiae,
1568 1722 1599 1749 et
1624 1728 1738 1750 mores
1753 1717 1887 1763 Lydiae
1909 1723 2021 1763 gentis
2046 1736 2122 1757 ma-

1131 1760 1184 1803 gis
1215 1770 1415 1804 congruunt
1448 1775 1526 1797 cum
1561 1764 1756 1811 Aegyptiis.
1816 1767 1863 1802 Et
1897 1773 1977 1815 quia
2012 1772 2120 1819 Lydii

1132 1817 1251 1854 postea
1274 1824 1383 1845 novas
1408 1815 1505 1847 sedes
1528 1815 1565 1847 in
1591 1815 1692 1850 Italia
1718 1820 1987 1863 quaesiverunt,
2020 1825 2122 1858 aiunt

1132 1862 1176 1894 ab
1192 1861 1277 1904 ipsis
1294 1865 1487 1906 spectacula
1504 1866 1683 1900 nominari
1708 1869 1827 1902 ludos.
1880 1871 1948 1905 Sed
1969 1871 2036 1906 hoc
2055 1888 2121 1907 no-

1132 1923 1211 1944 men
1229 1912 1372 1946 videtur
1387 1926 1405 1946 a
1423 1914 1530 1947 Lezin
1549 1917 1678 1950 sactum
1697 1930 1785 1961 esse,
1813 1923 1906 1965 quod
1929 1930 1977 1957 est
1993 1924 2120 1957 luden-

1132 1969 1198 2004 tes,
1225 1963 1342 2003 mimi‚
1369 1965 1653 2000 subsannatores.

1232 2025 1455 2072 Lanbim,
1482 2032 1578 2064 unde
1594 2039 1674 2066 sunt
1692 2032 1833 2080 Libyes.
1885 2035 2057 2071 Fortassis
2075 2040 2119 2073 ab

1130 2085 1237 2112 aestu.
1290 2078 1380 2112 Nam
1398 2080 1495 2114 Laab
1513 2082 1685 2125 significat
1704 2085 1895 2122 [lammam.

1233 2142 1374 2188 I’lzut,
1399 2148 1495 2180 unde
1523 2156 1604 2183 sunt
1632 2152 1755 2195 populi
1788 2153 1824 2185 in
1852 2154 1995 2188 occidua
2022 2164 2119 2200 parte

1132 2194 1327 2240 Aphricae,
1364 2198 1453 2231 circa
1480 2198 1753 2241 Mauritaniam,
1788 2204 1848 2235 ubi
1877 2213 1992 2239 manet
2020 2215 2119 2241 vetus

1131 2248 1321 2292 appellatio
1355 2248 1514 2282 fluminis
1537 2249 1643 2286 Phnt.
1706 2251 1764 2285 Sic
1796 2254 1888 2286 enim
1912 2257 2118 2291 nominatur

1130 2300 1223 2342 apud
1269 2298 1436 2333 Plinium.
1515 2298 1620 2344 Apud
1665 2301 1905 2337 Ptolemaeum
1952 2308 2118 2342 scribitur

1130 2347 1285 2389 Pthuth,
1320 2352 1379 2383 sed
1403 2351 1561 2383 existimo
1586 2352 1679 2396 apud
1704 2352 1862 2387 Plinium
1888 2357 2015 2390 rectius
2031 2361 2117 2392 scri-

1129 2407 1223 2443 ptam
1256 2411 1328 2433 esse
1355 2399 1446 2434 hanc
1476 2402 1749 2445 appellationen.
1809 2403 1873 2438 Est
1906 2407 1999 2440 enim
2032 2411 2117 2442 urbs

1129 2448 1291 2496 I‘hythis.
1345 2450 1392 2484 Et
1427 2453 1589 2495 congruit
1622 2453 1841 2496 significatio.
1899 2455 1988 2490 Nam
2021 2458 2115 2492 Phut

1129 2502 1300 2543 significat
1328 2502 1518 2537 cardinem.
1572 2501 1636 2537 Est
1657 2511 1772 2538 antem
1791 2505 2007 2541 Mauritania
2036 2510 2115 2542 finis

1129 2558 1260 2590 terrae,
1296 2552 1440 2586 Oceano
1472 2554 1629 2597 proxima
1660 2555 1696 2587 in
1729 2554 1933 2590 Occidente.
1993 2558 2039 2592 Et
2070 2560 2114 2591 ab

1130 2600 1196 2636 hoc
1213 2603 1355 2635 nomine
1379 2611 1429 2638 cst
1447 2616 1575 2639 nomen
1600 2606 1691 2648 regis
1707 2603 1864 2651 Epaphi,
1891 2608 1950 2652 qui
1969 2610 2110 2642 certavit

1129 2665 1208 2687 cum
1227 2651 1433 2688 Phaetonte.

1548 2706 1597 2740 47
