<?xml version="1.0" encoding="UTF-8"?>
<!DOCTYPE html PUBLIC "-//W3C//DTD XHTML 1.0 Transitional//EN"
    "http://www.w3.org/TR/xhtml1/DTD/xhtml1-transitional.dtd">
<html xmlns="http://www.w3.org/1999/xhtml" xml:lang="en" lang="en">
 <head>
  <title>
</title>
<meta http-equiv="Content-Type" content="text/html;charset=utf-8" />
  <meta name='ocr-system' content='tesseract 3.04.00' />
  <meta name='ocr-capabilities' content='ocr_page ocr_carea ocr_par ocr_line ocrx_word'/>
</head>
<body>
  <div class='ocr_page' id='page_1' title='image "./operaquaesupersu12melauoft/operaquaesupersu12melauoft_0403.png"; bbox 0 0 2324 2955; ppageno 0'>
   <div class='ocr_carea' id='block_1_1' title="bbox 138 102 847 139">
    <p class='ocr_par' dir='ltr' id='par_1_1' title="bbox 138 102 847 139">
     <span class='ocr_line' id='line_1_1' title="bbox 138 102 847 139; baseline 0.003 -2"><span class='ocrx_word' id='word_1_1' title='bbox 138 102 209 139; x_wconf 82' lang='lat'><strong>‘781</strong></span> <span class='ocrx_word' id='word_1_2' title='bbox 820 103 847 139; x_wconf 89' lang='grc' dir='ltr'><strong>Ι.</strong></span> 
     </span>
    </p>
   </div>
   <div class='ocr_carea' id='block_1_2' title="bbox 133 186 1122 993">
    <p class='ocr_par' dir='ltr' id='par_1_2' title="bbox 133 186 1121 485">
     <span class='ocr_line' id='line_1_2' title="bbox 136 186 1121 232; baseline -0.002 -9"><span class='ocrx_word' id='word_1_3' title='bbox 136 195 255 223; x_wconf 88' lang='lat' dir='ltr'><strong>tenere</strong></span> <span class='ocrx_word' id='word_1_4' title='bbox 272 186 412 231; x_wconf 87' lang='lat' dir='ltr'><strong>longam</strong></span> <span class='ocrx_word' id='word_1_5' title='bbox 431 187 598 227; x_wconf 87' lang='lat' dir='ltr'><strong>tunicam,</strong></span> <span class='ocrx_word' id='word_1_6' title='bbox 625 188 772 222; x_wconf 91' lang='lat' dir='ltr'><strong>alterum</strong></span> <span class='ocrx_word' id='word_1_7' title='bbox 792 196 937 225; x_wconf 82' lang='lat' dir='ltr'><strong>curtam.</strong></span> <span class='ocrx_word' id='word_1_8' title='bbox 971 188 1121 232; x_wconf 83' lang='lat' dir='ltr'>Propter</span> 
     </span>
     <span class='ocr_line' id='line_1_3' title="bbox 137 237 1120 286; baseline -0.002 -13"><span class='ocrx_word' id='word_1_9' title='bbox 137 237 228 273; x_wconf 90' lang='lat' dir='ltr'><strong>hanc</strong></span> <span class='ocrx_word' id='word_1_10' title='bbox 251 238 460 272; x_wconf 85' lang='lat' dir='ltr'><strong>sententiam</strong></span> <span class='ocrx_word' id='word_1_11' title='bbox 483 238 600 282; x_wconf 87' lang='lat' dir='ltr'><strong>plagas</strong></span> <span class='ocrx_word' id='word_1_12' title='bbox 625 240 796 284; x_wconf 87' lang='lat' dir='ltr'><strong>accepisse</strong></span> <span class='ocrx_word' id='word_1_13' title='bbox 820 239 933 286; x_wconf 74' lang='lat' dir='ltr'><strong>Cyrus</strong></span> <span class='ocrx_word' id='word_1_14' title='bbox 958 240 1120 278; x_wconf 75' lang='lat' dir='ltr'><strong>traditur,</strong></span> 
     </span>
     <span class='ocr_line' id='line_1_4' title="bbox 135 289 1121 336; baseline 0 -13"><span class='ocrx_word' id='word_1_15' title='bbox 135 289 220 335; x_wconf 88' lang='lat' dir='ltr'><strong>quia</strong></span> <span class='ocrx_word' id='word_1_16' title='bbox 235 289 371 323; x_wconf 88' lang='lat' dir='ltr'><strong>iusticia</strong></span> <span class='ocrx_word' id='word_1_17' title='bbox 395 295 445 322; x_wconf 91' lang='lat' dir='ltr'><strong>est</strong></span> <span class='ocrx_word' id='word_1_18' title='bbox 468 290 678 333; x_wconf 80' lang='lat' dir='ltr'>aequalitas,</span> <span class='ocrx_word' id='word_1_19' title='bbox 705 303 777 324; x_wconf 88' lang='lat' dir='ltr'><strong>non</strong></span> <span class='ocrx_word' id='word_1_20' title='bbox 797 303 884 336; x_wconf 90' lang='lat' dir='ltr'><strong>quae</strong></span> <span class='ocrx_word' id='word_1_21' title='bbox 903 291 1005 324; x_wconf 84' lang='lat' dir='ltr'><strong>nobis</strong></span> <span class='ocrx_word' id='word_1_22' title='bbox 1022 291 1121 323; x_wconf 87' lang='lat' dir='ltr'><strong>vide-</strong></span> 
     </span>
     <span class='ocr_line' id='line_1_5' title="bbox 136 338 1121 384; baseline -0.002 -9"><span class='ocrx_word' id='word_1_23' title='bbox 136 347 213 382; x_wconf 84' lang='lat' dir='ltr'><strong>tur,</strong></span> <span class='ocrx_word' id='word_1_24' title='bbox 239 340 299 373; x_wconf 91' lang='lat' dir='ltr'><strong>sed</strong></span> <span class='ocrx_word' id='word_1_25' title='bbox 315 351 420 384; x_wconf 89' lang='lat' dir='ltr'><strong>quam</strong></span> <span class='ocrx_word' id='word_1_26' title='bbox 437 339 491 372; x_wconf 87' lang='lat' dir='ltr'><strong>lex</strong></span> <span class='ocrx_word' id='word_1_27' title='bbox 509 341 660 376; x_wconf 89' lang='lat' dir='ltr'><strong>ordinat.</strong></span> <span class='ocrx_word' id='word_1_28' title='bbox 694 340 788 375; x_wconf 89' lang='lat' dir='ltr'><strong>Haec</strong></span> <span class='ocrx_word' id='word_1_29' title='bbox 803 349 919 376; x_wconf 90' lang='lat' dir='ltr'><strong>autem</strong></span> <span class='ocrx_word' id='word_1_30' title='bbox 933 342 1014 375; x_wconf 86' lang='lat' dir='ltr'><strong>facit</strong></span> <span class='ocrx_word' id='word_1_31' title='bbox 1030 338 1121 374; x_wconf 92' lang='lat' dir='ltr'><strong>hanc</strong></span> 
     </span>
     <span class='ocr_line' id='line_1_6' title="bbox 135 389 1121 438; baseline -0.002 -12"><span class='ocrx_word' id='word_1_32' title='bbox 135 390 400 437; x_wconf 84' lang='lat' dir='ltr'><strong>aequalitatem,</strong></span> <span class='ocrx_word' id='word_1_33' title='bbox 425 395 464 423; x_wconf 89' lang='lat' dir='ltr'><strong>ut</strong></span> <span class='ocrx_word' id='word_1_34' title='bbox 486 401 588 424; x_wconf 89' lang='lat' dir='ltr'><strong>suum</strong></span> <span class='ocrx_word' id='word_1_35' title='bbox 608 392 757 438; x_wconf 88' lang='lat' dir='ltr'><strong>quisque</strong></span> <span class='ocrx_word' id='word_1_36' title='bbox 780 399 915 433; x_wconf 89' lang='lat' dir='ltr'><strong>teneat,</strong></span> <span class='ocrx_word' id='word_1_37' title='bbox 943 399 975 427; x_wconf 91' lang='lat' dir='ltr'><strong>et</strong></span> <span class='ocrx_word' id='word_1_38' title='bbox 998 389 1121 437; x_wconf 92' lang='lat' dir='ltr'><strong>prohi-</strong></span> 
     </span>
     <span class='ocr_line' id='line_1_7' title="bbox 133 440 522 485; baseline -0.005 -8"><span class='ocrx_word' id='word_1_39' title='bbox 133 441 194 477; x_wconf 87' lang='lat' dir='ltr'><strong>bet</strong></span> <span class='ocrx_word' id='word_1_40' title='bbox 209 441 301 476; x_wconf 82' lang='lat' dir='ltr'><strong>furta</strong></span> <span class='ocrx_word' id='word_1_41' title='bbox 320 447 353 474; x_wconf 94' lang='lat' dir='ltr'><strong>et</strong></span> <span class='ocrx_word' id='word_1_42' title='bbox 369 440 522 485; x_wconf 89' lang='lat' dir='ltr'><strong>rapinas.</strong></span> 
     </span>
    </p>

    <p class='ocr_par' dir='ltr' id='par_1_3' title="bbox 134 491 1122 993">
     <span class='ocr_line' id='line_1_8' title="bbox 238 491 1121 535; baseline 0 -11"><span class='ocrx_word' id='word_1_43' title='bbox 238 491 407 535; x_wconf 78' lang='lat' dir='ltr'><strong>Egressus</strong></span> <span class='ocrx_word' id='word_1_44' title='bbox 442 503 483 524; x_wconf 87' lang='lat' dir='ltr'><strong>ex</strong></span> <span class='ocrx_word' id='word_1_45' title='bbox 516 491 749 526; x_wconf 89' lang='lat' dir='ltr'><strong>adolescentia</strong></span> <span class='ocrx_word' id='word_1_46' title='bbox 782 492 850 527; x_wconf 84' lang='lat' dir='ltr'><strong>suit</strong></span> <span class='ocrx_word' id='word_1_47' title='bbox 881 493 996 527; x_wconf 88' lang='lat' dir='ltr'><strong>socius</strong></span> <span class='ocrx_word' id='word_1_48' title='bbox 1030 491 1121 535; x_wconf 87' lang='lat' dir='ltr'><strong>regis</strong></span> 
     </span>
     <span class='ocr_line' id='line_1_9' title="bbox 135 541 1121 588; baseline -0.002 -11"><span class='ocrx_word' id='word_1_49' title='bbox 135 541 322 588; x_wconf 85' lang='lat' dir='ltr'><strong>Cyaxaris,</strong></span> <span class='ocrx_word' id='word_1_50' title='bbox 349 542 411 587; x_wconf 89' lang='lat' dir='ltr'><strong>qui</strong></span> <span class='ocrx_word' id='word_1_51' title='bbox 441 553 459 576; x_wconf 90' lang='lat' dir='ltr'><strong>a</strong></span> <span class='ocrx_word' id='word_1_52' title='bbox 477 541 629 576; x_wconf 80' lang='lat' dir='ltr'>Daniele</span> <span class='ocrx_word' id='word_1_53' title='bbox 657 543 864 578; x_wconf 90' lang='lat' dir='ltr'><strong>nominatur</strong></span> <span class='ocrx_word' id='word_1_54' title='bbox 888 542 1017 577; x_wconf 88' lang='lat' dir='ltr'><strong>Darius</strong></span> <span class='ocrx_word' id='word_1_55' title='bbox 1041 542 1121 576; x_wconf 93' lang='lat' dir='ltr'><strong>Me-</strong></span> 
     </span>
     <span class='ocr_line' id='line_1_10' title="bbox 136 592 1121 639; baseline -0.002 -12"><span class='ocrx_word' id='word_1_56' title='bbox 136 594 223 634; x_wconf 90' lang='lat' dir='ltr'><strong>dus,</strong></span> <span class='ocrx_word' id='word_1_57' title='bbox 249 599 282 627; x_wconf 89' lang='lat' dir='ltr'><strong>et</strong></span> <span class='ocrx_word' id='word_1_58' title='bbox 299 605 424 637; x_wconf 89' lang='lat' dir='ltr'><strong>magna</strong></span> <span class='ocrx_word' id='word_1_59' title='bbox 443 592 533 626; x_wconf 90' lang='lat' dir='ltr'><strong>bella</strong></span> <span class='ocrx_word' id='word_1_60' title='bbox 559 593 663 637; x_wconf 86' lang='lat' dir='ltr'>gessit</span> <span class='ocrx_word' id='word_1_61' title='bbox 686 605 798 628; x_wconf 86' lang='lat' dir='ltr'><strong>annos</strong></span> <span class='ocrx_word' id='word_1_62' title='bbox 816 595 967 639; x_wconf 88' lang='lat' dir='ltr'><strong>amplius</strong></span> <span class='ocrx_word' id='word_1_63' title='bbox 983 592 1121 636; x_wconf 87' lang='lat' dir='ltr'><strong>viginti,</strong></span> 
     </span>
     <span class='ocr_line' id='line_1_11' title="bbox 135 641 1120 689; baseline -0.002 -12"><span class='ocrx_word' id='word_1_64' title='bbox 135 650 323 689; x_wconf 82' lang='lat' dir='ltr'><strong>antequam</strong></span> <span class='ocrx_word' id='word_1_65' title='bbox 350 643 465 688; x_wconf 90' lang='lat' dir='ltr'><strong>coepit</strong></span> <span class='ocrx_word' id='word_1_66' title='bbox 480 641 710 689; x_wconf 83' lang='lat' dir='ltr'>Babylonem.</span> <span class='ocrx_word' id='word_1_67' title='bbox 763 644 853 679; x_wconf 85' lang='lat' dir='ltr'><strong>Nam</strong></span> <span class='ocrx_word' id='word_1_68' title='bbox 878 657 937 679; x_wconf 87' lang='lat' dir='ltr'><strong>rex</strong></span> <span class='ocrx_word' id='word_1_69' title='bbox 954 643 1120 689; x_wconf 88' lang='lat' dir='ltr'><strong>Assyrius</strong></span> 
     </span>
     <span class='ocr_line' id='line_1_12' title="bbox 135 692 1121 736; baseline -0.002 -8"><span class='ocrx_word' id='word_1_70' title='bbox 135 693 255 728; x_wconf 89' lang='lat' dir='ltr'><strong>Medis</strong></span> <span class='ocrx_word' id='word_1_71' title='bbox 276 694 409 728; x_wconf 87' lang='lat' dir='ltr'><strong>bellum</strong></span> <span class='ocrx_word' id='word_1_72' title='bbox 435 694 622 736; x_wconf 90' lang='lat' dir='ltr'><strong>intulerat,</strong></span> <span class='ocrx_word' id='word_1_73' title='bbox 656 702 689 729; x_wconf 91' lang='lat' dir='ltr'><strong>et</strong></span> <span class='ocrx_word' id='word_1_74' title='bbox 717 692 776 730; x_wconf 84' lang='lat' dir='ltr'><strong>hic</strong></span> <span class='ocrx_word' id='word_1_75' title='bbox 806 696 940 730; x_wconf 90' lang='lat' dir='ltr'><strong>socium</strong></span> <span class='ocrx_word' id='word_1_76' title='bbox 969 692 1121 728; x_wconf 88' lang='lat' dir='ltr'><strong>habebat</strong></span> 
     </span>
     <span class='ocr_line' id='line_1_13' title="bbox 134 743 1121 792; baseline -0.002 -13"><span class='ocrx_word' id='word_1_77' title='bbox 134 743 316 779; x_wconf 84' lang='lat' dir='ltr'><strong>Croesum.</strong></span> <span class='ocrx_word' id='word_1_78' title='bbox 368 744 538 779; x_wconf 82' lang='lat' dir='ltr'>Nominat</span> <span class='ocrx_word' id='word_1_79' title='bbox 561 752 677 779; x_wconf 90' lang='lat' dir='ltr'><strong>autem</strong></span> <span class='ocrx_word' id='word_1_80' title='bbox 703 758 819 790; x_wconf 90' lang='lat' dir='ltr'><strong>regem</strong></span> <span class='ocrx_word' id='word_1_81' title='bbox 835 746 1020 792; x_wconf 83' lang='lat' dir='ltr'><strong>Assyrium</strong></span> <span class='ocrx_word' id='word_1_82' title='bbox 1046 743 1121 777; x_wconf 90' lang='lat' dir='ltr'><strong>He-</strong></span> 
     </span>
     <span class='ocr_line' id='line_1_14' title="bbox 135 794 1121 844; baseline -0.002 -14"><span class='ocrx_word' id='word_1_83' title='bbox 135 797 282 830; x_wconf 83' lang='lat' dir='ltr'><strong>rodotus</strong></span> <span class='ocrx_word' id='word_1_84' title='bbox 299 794 533 841; x_wconf 87' lang='lat' dir='ltr'><strong>Labynitum,</strong></span> <span class='ocrx_word' id='word_1_85' title='bbox 560 797 632 844; x_wconf 27' lang='lat' dir='ltr'><strong>qui*</strong></span> <span class='ocrx_word' id='word_1_86' title='bbox 645 797 862 831; x_wconf 85' lang='lat' dir='ltr'><strong>existimatur</strong></span> <span class='ocrx_word' id='word_1_87' title='bbox 886 809 958 830; x_wconf 88' lang='lat' dir='ltr'><strong>esse</strong></span> <span class='ocrx_word' id='word_1_88' title='bbox 974 795 1121 829; x_wconf 85' lang='lat' dir='ltr'><strong>Baldas-</strong></span> 
     </span>
     <span class='ocr_line' id='line_1_15' title="bbox 135 845 1122 893; baseline -0.002 -13"><span class='ocrx_word' id='word_1_89' title='bbox 135 858 192 880; x_wconf 86' lang='lat' dir='ltr'><strong>sar</strong></span> <span class='ocrx_word' id='word_1_90' title='bbox 216 847 309 891; x_wconf 91' lang='lat' dir='ltr'><strong>apud</strong></span> <span class='ocrx_word' id='word_1_91' title='bbox 332 845 529 883; x_wconf 87' lang='lat' dir='ltr'><strong>Danielem.</strong></span> <span class='ocrx_word' id='word_1_92' title='bbox 582 847 675 891; x_wconf 82' lang='lat' dir='ltr'><strong>Quia</strong></span> <span class='ocrx_word' id='word_1_93' title='bbox 700 860 783 881; x_wconf 90' lang='lat' dir='ltr'><strong>vero</strong></span> <span class='ocrx_word' id='word_1_94' title='bbox 807 859 861 881; x_wconf 92' lang='lat' dir='ltr'><strong>res</strong></span> <span class='ocrx_word' id='word_1_95' title='bbox 881 847 1062 893; x_wconf 86' lang='lat' dir='ltr'><strong>Lydorum</strong></span> <span class='ocrx_word' id='word_1_96' title='bbox 1089 851 1122 878; x_wconf 85' lang='lat' dir='ltr'><strong>et</strong></span> 
     </span>
     <span class='ocr_line' id='line_1_16' title="bbox 135 895 1120 939; baseline -0.002 -8"><span class='ocrx_word' id='word_1_97' title='bbox 135 895 258 932; x_wconf 88' lang='lat' dir='ltr'><strong>Ioniae</strong></span> <span class='ocrx_word' id='word_1_98' title='bbox 277 896 423 931; x_wconf 86' lang='lat' dir='ltr'><strong>Graecis</strong></span> <span class='ocrx_word' id='word_1_99' title='bbox 445 898 600 931; x_wconf 81' lang='lat' dir='ltr'><strong>notiores</strong></span> <span class='ocrx_word' id='word_1_100' title='bbox 622 899 787 939; x_wconf 81' lang='lat' dir='ltr'><strong>fuerunt,</strong></span> <span class='ocrx_word' id='word_1_101' title='bbox 811 898 943 932; x_wconf 89' lang='lat' dir='ltr'><strong>bellum</strong></span> <span class='ocrx_word' id='word_1_102' title='bbox 961 896 1120 930; x_wconf 87' lang='lat' dir='ltr'><strong>lonicum</strong></span> 
     </span>
     <span class='ocr_line' id='line_1_17' title="bbox 136 947 1122 993; baseline -0.003 -11"><span class='ocrx_word' id='word_1_103' title='bbox 136 947 312 993; x_wconf 89' lang='lat' dir='ltr'><strong>copiosius</strong></span> <span class='ocrx_word' id='word_1_104' title='bbox 330 948 543 992; x_wconf 84' lang='lat' dir='ltr'><strong>descriptum</strong></span> <span class='ocrx_word' id='word_1_105' title='bbox 560 955 619 982; x_wconf 86' lang='lat' dir='ltr'><strong>est.</strong></span> <span class='ocrx_word' id='word_1_106' title='bbox 671 948 754 982; x_wconf 84' lang='lat' dir='ltr'><strong>Fuit</strong></span> <span class='ocrx_word' id='word_1_107' title='bbox 773 955 888 982; x_wconf 90' lang='lat' dir='ltr'><strong>autem</strong></span> <span class='ocrx_word' id='word_1_108' title='bbox 906 960 946 981; x_wconf 93' lang='lat' dir='ltr'><strong>eo</strong></span> <span class='ocrx_word' id='word_1_109' title='bbox 964 954 1122 992; x_wconf 88' lang='lat' dir='ltr'><strong>tempore</strong></span> 
     </span>
    </p>
   </div>
   <div class='ocr_carea' id='block_1_3' title="bbox 136 997 1144 1040">
    <p class='ocr_par' dir='ltr' id='par_1_4' title="bbox 136 997 1144 1040">
     <span class='ocr_line' id='line_1_18' title="bbox 136 997 1144 1040; baseline -0.003 -7"><span class='ocrx_word' id='word_1_110' title='bbox 136 998 385 1033; x_wconf 84' lang='lat' dir='ltr'><strong>florentissima</strong></span> <span class='ocrx_word' id='word_1_111' title='bbox 409 997 529 1037; x_wconf 89' lang='lat' dir='ltr'><strong>Ionia,</strong></span> <span class='ocrx_word' id='word_1_112' title='bbox 556 1004 589 1029; x_wconf 88' lang='lat' dir='ltr'><strong>et</strong></span> <span class='ocrx_word' id='word_1_113' title='bbox 609 999 779 1036; x_wconf 87' lang='lat' dir='ltr'><strong>urbibus,</strong></span> <span class='ocrx_word' id='word_1_114' title='bbox 806 997 958 1040; x_wconf 88' lang='lat' dir='ltr'><strong>ingeniis</strong></span> <span class='ocrx_word' id='word_1_115' title='bbox 982 1004 1015 1032; x_wconf 90' lang='lat' dir='ltr'><strong>et</strong></span> <span class='ocrx_word' id='word_1_116' title='bbox 1037 997 1144 1030; x_wconf 38' lang='lat' dir='ltr'><strong>artis</strong></span> 
     </span>
    </p>
   </div>
   <div class='ocr_carea' id='block_1_4' title="bbox 134 1045 1131 2662">
    <p class='ocr_par' dir='ltr' id='par_1_5' title="bbox 134 1045 1124 1347">
     <span class='ocr_line' id='line_1_19' title="bbox 135 1045 1123 1093; baseline -0.004 -10"><span class='ocrx_word' id='word_1_117' title='bbox 135 1050 203 1083; x_wconf 89' lang='lat' dir='ltr'><strong>bus</strong></span> <span class='ocrx_word' id='word_1_118' title='bbox 227 1048 462 1082; x_wconf 84' lang='lat' dir='ltr'><strong>ornatissima.</strong></span> <span class='ocrx_word' id='word_1_119' title='bbox 516 1045 586 1080; x_wconf 83' lang='lat' dir='ltr'><strong>Sed</strong></span> <span class='ocrx_word' id='word_1_120' title='bbox 609 1059 629 1080; x_wconf 92' lang='lat' dir='ltr'><strong>a</strong></span> <span class='ocrx_word' id='word_1_121' title='bbox 644 1045 738 1093; x_wconf 90' lang='lat' dir='ltr'><strong>Cyro</strong></span> <span class='ocrx_word' id='word_1_122' title='bbox 759 1054 793 1081; x_wconf 85' lang='lat' dir='ltr'><strong>et</strong></span> <span class='ocrx_word' id='word_1_123' title='bbox 807 1046 972 1092; x_wconf 89' lang='lat' dir='ltr'><strong>Harpago</strong></span> <span class='ocrx_word' id='word_1_124' title='bbox 992 1047 1123 1081; x_wconf 89' lang='lat' dir='ltr'><strong>multae</strong></span> 
     </span>
     <span class='ocr_line' id='line_1_20' title="bbox 135 1097 1124 1143; baseline -0.002 -11"><span class='ocrx_word' id='word_1_125' title='bbox 135 1109 283 1142; x_wconf 87' lang='lat' dir='ltr'><strong>magnae</strong></span> <span class='ocrx_word' id='word_1_126' title='bbox 299 1098 404 1131; x_wconf 91' lang='lat' dir='ltr'><strong>urbes</strong></span> <span class='ocrx_word' id='word_1_127' title='bbox 420 1097 555 1131; x_wconf 80' lang='lat' dir='ltr'><strong>deletae</strong></span> <span class='ocrx_word' id='word_1_128' title='bbox 572 1104 672 1138; x_wconf 91' lang='lat' dir='ltr'><strong>sunt,</strong></span> <span class='ocrx_word' id='word_1_129' title='bbox 697 1098 911 1143; x_wconf 85' lang='lat' dir='ltr'><strong>fueruntque</strong></span> <span class='ocrx_word' id='word_1_130' title='bbox 933 1105 1050 1132; x_wconf 86' lang='lat' dir='ltr'><strong>tantae</strong></span> <span class='ocrx_word' id='word_1_131' title='bbox 1066 1108 1124 1131; x_wconf 91' lang='lat' dir='ltr'><strong>ca-</strong></span> 
     </span>
     <span class='ocr_line' id='line_1_21' title="bbox 135 1147 1124 1191; baseline -0.003 -8"><span class='ocrx_word' id='word_1_132' title='bbox 135 1149 328 1188; x_wconf 83' lang='lat' dir='ltr'><strong>lamitates,</strong></span> <span class='ocrx_word' id='word_1_133' title='bbox 362 1154 402 1181; x_wconf 88' lang='lat' dir='ltr'><strong>ut</strong></span> <span class='ocrx_word' id='word_1_134' title='bbox 431 1147 624 1181; x_wconf 84' lang='lat' dir='ltr'><strong>multitudo</strong></span> <span class='ocrx_word' id='word_1_135' title='bbox 650 1148 801 1191; x_wconf 81' lang='lat' dir='ltr'><strong>navigiis</strong></span> <span class='ocrx_word' id='word_1_136' title='bbox 824 1160 864 1181; x_wconf 84' lang='lat' dir='ltr'><strong>ex</strong></span> <span class='ocrx_word' id='word_1_137' title='bbox 888 1149 1038 1182; x_wconf 87' lang='lat' dir='ltr'><strong>urbibus</strong></span> <span class='ocrx_word' id='word_1_138' title='bbox 1067 1148 1124 1181; x_wconf 87' lang='lat' dir='ltr'><strong>su-</strong></span> 
     </span>
     <span class='ocr_line' id='line_1_22' title="bbox 137 1197 1122 1245; baseline -0.002 -12"><span class='ocrx_word' id='word_1_139' title='bbox 137 1200 256 1245; x_wconf 85' lang='lat' dir='ltr'><strong>giens,</strong></span> <span class='ocrx_word' id='word_1_140' title='bbox 276 1199 371 1232; x_wconf 91' lang='lat' dir='ltr'><strong>ultro</strong></span> <span class='ocrx_word' id='word_1_141' title='bbox 388 1209 423 1231; x_wconf 87' lang='lat' dir='ltr'><strong>se</strong></span> <span class='ocrx_word' id='word_1_142' title='bbox 445 1198 481 1230; x_wconf 87' lang='lat' dir='ltr'><strong>in</strong></span> <span class='ocrx_word' id='word_1_143' title='bbox 507 1209 603 1231; x_wconf 88' lang='lat' dir='ltr'><strong>mare</strong></span> <span class='ocrx_word' id='word_1_144' title='bbox 621 1198 836 1234; x_wconf 86' lang='lat' dir='ltr'><strong>demerserit.</strong></span> <span class='ocrx_word' id='word_1_145' title='bbox 889 1197 1045 1243; x_wconf 87' lang='lat' dir='ltr'><strong>Apparet</strong></span> <span class='ocrx_word' id='word_1_146' title='bbox 1062 1210 1122 1232; x_wconf 92' lang='lat' dir='ltr'><strong>au-</strong></span> 
     </span>
     <span class='ocr_line' id='line_1_23' title="bbox 134 1249 1123 1286; baseline -0.004 -1"><span class='ocrx_word' id='word_1_147' title='bbox 134 1258 206 1286; x_wconf 84' lang='lat' dir='ltr'><strong>tem</strong></span> <span class='ocrx_word' id='word_1_148' title='bbox 221 1249 414 1283; x_wconf 85' lang='lat' dir='ltr'><strong>libidinum</strong></span> <span class='ocrx_word' id='word_1_149' title='bbox 431 1249 654 1283; x_wconf 86' lang='lat' dir='ltr'><strong>confusiones</strong></span> <span class='ocrx_word' id='word_1_150' title='bbox 671 1261 809 1283; x_wconf 88' lang='lat' dir='ltr'><strong>causam</strong></span> <span class='ocrx_word' id='word_1_151' title='bbox 825 1249 930 1283; x_wconf 79' lang='lat' dir='ltr'><strong>fuisse</strong></span> <span class='ocrx_word' id='word_1_152' title='bbox 948 1256 1123 1283; x_wconf 87' lang='lat' dir='ltr'><strong>tantarum</strong></span> 
     </span>
     <span class='ocr_line' id='line_1_24' title="bbox 134 1306 417 1347; baseline -0.007 -12"><span class='ocrx_word' id='word_1_153' title='bbox 134 1311 344 1347; x_wconf 77' lang='lat' dir='ltr'><strong>poenarum.</strong></span> <span class='ocrx_word' id='word_1_154' title='bbox 412 1306 417 1310; x_wconf 89' lang='grc'><strong>”</strong></span> 
     </span>
    </p>

    <p class='ocr_par' dir='ltr' id='par_1_6' title="bbox 136 1349 1126 1797">
     <span class='ocr_line' id='line_1_25' title="bbox 241 1349 1124 1395; baseline -0.001 -10"><span class='ocrx_word' id='word_1_155' title='bbox 241 1349 296 1385; x_wconf 89' lang='lat' dir='ltr'><strong>Eo</strong></span> <span class='ocrx_word' id='word_1_156' title='bbox 314 1357 472 1395; x_wconf 92' lang='lat' dir='ltr'><strong>tempore</strong></span> <span class='ocrx_word' id='word_1_157' title='bbox 495 1349 634 1385; x_wconf 89' lang='lat' dir='ltr'><strong>Phocea</strong></span> <span class='ocrx_word' id='word_1_158' title='bbox 650 1349 769 1385; x_wconf 87' lang='lat' dir='ltr'><strong>Ionica</strong></span> <span class='ocrx_word' id='word_1_159' title='bbox 789 1352 877 1385; x_wconf 92' lang='lat' dir='ltr'><strong>urbe</strong></span> <span class='ocrx_word' id='word_1_160' title='bbox 901 1351 1124 1385; x_wconf 87' lang='lat' dir='ltr'><strong>circumsessa</strong></span> 
     </span>
     <span class='ocr_line' id='line_1_26' title="bbox 138 1401 1125 1446; baseline -0.004 -8"><span class='ocrx_word' id='word_1_161' title='bbox 138 1404 183 1438; x_wconf 89' lang='lat' dir='ltr'><strong>ab</strong></span> <span class='ocrx_word' id='word_1_162' title='bbox 206 1401 392 1446; x_wconf 88' lang='lat' dir='ltr'><strong>Harpago,</strong></span> <span class='ocrx_word' id='word_1_163' title='bbox 427 1401 520 1434; x_wconf 89' lang='lat' dir='ltr'><strong>cives</strong></span> <span class='ocrx_word' id='word_1_164' title='bbox 549 1403 685 1436; x_wconf 86' lang='lat' dir='ltr'><strong>deserta</strong></span> <span class='ocrx_word' id='word_1_165' title='bbox 716 1402 828 1446; x_wconf 85' lang='lat' dir='ltr'><strong>patria</strong></span> <span class='ocrx_word' id='word_1_166' title='bbox 851 1402 1064 1445; x_wconf 86' lang='lat' dir='ltr'><strong>navigarunt</strong></span> <span class='ocrx_word' id='word_1_167' title='bbox 1086 1401 1125 1434; x_wconf 89' lang='lat' dir='ltr'><strong>in</strong></span> 
     </span>
     <span class='ocr_line' id='line_1_27' title="bbox 138 1451 1125 1498; baseline -0.004 -9"><span class='ocrx_word' id='word_1_168' title='bbox 138 1451 391 1492; x_wconf 85' lang='lat' dir='ltr'><strong>Occidentem,</strong></span> <span class='ocrx_word' id='word_1_169' title='bbox 419 1459 452 1485; x_wconf 90' lang='lat' dir='ltr'><strong>et</strong></span> <span class='ocrx_word' id='word_1_170' title='bbox 470 1451 675 1498; x_wconf 82' lang='lat' dir='ltr'><strong>Massyliam</strong></span> <span class='ocrx_word' id='word_1_171' title='bbox 694 1453 730 1485; x_wconf 92' lang='lat' dir='ltr'><strong>in</strong></span> <span class='ocrx_word' id='word_1_172' title='bbox 748 1453 865 1487; x_wconf 86' lang='lat' dir='ltr'><strong>littore</strong></span> <span class='ocrx_word' id='word_1_173' title='bbox 883 1452 1022 1486; x_wconf 91' lang='lat' dir='ltr'><strong>Gallico</strong></span> <span class='ocrx_word' id='word_1_174' title='bbox 1041 1464 1125 1486; x_wconf 91' lang='lat' dir='ltr'><strong>con-</strong></span> 
     </span>
     <span class='ocr_line' id='line_1_28' title="bbox 137 1502 1125 1546; baseline -0.002 -9"><span class='ocrx_word' id='word_1_175' title='bbox 137 1504 327 1544; x_wconf 89' lang='lat' dir='ltr'><strong>diderunt,</strong></span> <span class='ocrx_word' id='word_1_176' title='bbox 355 1502 418 1536; x_wconf 89' lang='lat' dir='ltr'><strong>ubi</strong></span> <span class='ocrx_word' id='word_1_177' title='bbox 439 1502 545 1546; x_wconf 91' lang='lat' dir='ltr'><strong>longo</strong></span> <span class='ocrx_word' id='word_1_178' title='bbox 569 1508 726 1546; x_wconf 89' lang='lat' dir='ltr'><strong>tempore</strong></span> <span class='ocrx_word' id='word_1_179' title='bbox 744 1502 900 1536; x_wconf 89' lang='lat' dir='ltr'><strong>Ionicam</strong></span> <span class='ocrx_word' id='word_1_180' title='bbox 915 1503 1073 1546; x_wconf 81' lang='lat' dir='ltr'><strong>linguam</strong></span> <span class='ocrx_word' id='word_1_181' title='bbox 1092 1509 1125 1536; x_wconf 91' lang='lat' dir='ltr'><strong>et</strong></span> 
     </span>
     <span class='ocr_line' id='line_1_29' title="bbox 137 1553 1126 1597; baseline -0.004 -8"><span class='ocrx_word' id='word_1_182' title='bbox 137 1553 317 1589; x_wconf 83' lang='lat' dir='ltr'><strong>doctrinas</strong></span> <span class='ocrx_word' id='word_1_183' title='bbox 340 1553 581 1592; x_wconf 87' lang='lat' dir='ltr'><strong>retinuerunt,</strong></span> <span class='ocrx_word' id='word_1_184' title='bbox 614 1560 649 1587; x_wconf 83' lang='lat' dir='ltr'><strong>et</strong></span> <span class='ocrx_word' id='word_1_185' title='bbox 675 1553 832 1587; x_wconf 90' lang='lat' dir='ltr'><strong>iusticiae</strong></span> <span class='ocrx_word' id='word_1_186' title='bbox 857 1565 896 1586; x_wconf 91' lang='lat' dir='ltr'><strong>ac</strong></span> <span class='ocrx_word' id='word_1_187' title='bbox 918 1553 1126 1597; x_wconf 87' lang='lat' dir='ltr'><strong>disciplinae</strong></span> 
     </span>
     <span class='ocr_line' id='line_1_30' title="bbox 136 1601 1126 1645; baseline -0.001 -6"><span class='ocrx_word' id='word_1_188' title='bbox 136 1605 243 1639; x_wconf 90' lang='lat' dir='ltr'><strong>laude</strong></span> <span class='ocrx_word' id='word_1_189' title='bbox 260 1603 508 1637; x_wconf 86' lang='lat' dir='ltr'><strong>excelluerunt.</strong></span> <span class='ocrx_word' id='word_1_190' title='bbox 561 1601 699 1637; x_wconf 85' lang='lat' dir='ltr'><strong>Nomen</strong></span> <span class='ocrx_word' id='word_1_191' title='bbox 727 1611 777 1638; x_wconf 91' lang='lat' dir='ltr'><strong>est</strong></span> <span class='ocrx_word' id='word_1_192' title='bbox 801 1604 846 1637; x_wconf 91' lang='lat' dir='ltr'><strong>ab</strong></span> <span class='ocrx_word' id='word_1_193' title='bbox 870 1601 975 1645; x_wconf 82' lang='grc' dir='ltr'><strong><em>ἁλία,</em></strong></span> <span class='ocrx_word' id='word_1_194' title='bbox 1004 1604 1039 1637; x_wconf 88' lang='lat' dir='ltr'><strong>id</strong></span> <span class='ocrx_word' id='word_1_195' title='bbox 1063 1611 1126 1644; x_wconf 85' lang='lat' dir='ltr'><strong>est,</strong></span> 
     </span>
     <span class='ocr_line' id='line_1_31' title="bbox 138 1654 1126 1698; baseline -0.002 -10"><span class='ocrx_word' id='word_1_196' title='bbox 138 1666 230 1688; x_wconf 84' lang='lat' dir='ltr'><strong>nave</strong></span> <span class='ocrx_word' id='word_1_197' title='bbox 260 1654 469 1698; x_wconf 85' lang='lat' dir='ltr'><strong>piscatoria,</strong></span> <span class='ocrx_word' id='word_1_198' title='bbox 503 1661 536 1689; x_wconf 90' lang='lat' dir='ltr'><strong>et</strong></span> <span class='ocrx_word' id='word_1_199' title='bbox 563 1656 700 1698; x_wconf 83' lang='grc' dir='ltr'><strong><em>μᾶσαι,</em></strong></span> <span class='ocrx_word' id='word_1_200' title='bbox 736 1655 772 1688; x_wconf 90' lang='lat' dir='ltr'><strong>id</strong></span> <span class='ocrx_word' id='word_1_201' title='bbox 798 1661 866 1693; x_wconf 89' lang='lat' dir='ltr'><strong>est,</strong></span> <span class='ocrx_word' id='word_1_202' title='bbox 902 1655 1045 1695; x_wconf 79' lang='lat' dir='ltr'><strong>alligare</strong></span> <span class='ocrx_word' id='word_1_203' title='bbox 1070 1654 1126 1687; x_wconf 87' lang='lat' dir='ltr'><strong>vel</strong></span> 
     </span>
     <span class='ocr_line' id='line_1_32' title="bbox 137 1704 1125 1751; baseline -0.004 -12"><span class='ocrx_word' id='word_1_204' title='bbox 137 1715 317 1751; x_wconf 88' lang='lat' dir='ltr'><strong>quaerere,</strong></span> <span class='ocrx_word' id='word_1_205' title='bbox 333 1704 428 1749; x_wconf 91' lang='lat' dir='ltr'><strong>quod</strong></span> <span class='ocrx_word' id='word_1_206' title='bbox 446 1711 591 1748; x_wconf 87' lang='lat' dir='ltr'><strong>propter</strong></span> <span class='ocrx_word' id='word_1_207' title='bbox 606 1705 890 1738; x_wconf 86' lang='lat' dir='ltr'><strong>commoditatem</strong></span> <span class='ocrx_word' id='word_1_208' title='bbox 906 1708 1029 1748; x_wconf 84' lang='lat' dir='ltr'><strong>portus</strong></span> <span class='ocrx_word' id='word_1_209' title='bbox 1046 1714 1125 1736; x_wconf 89' lang='lat' dir='ltr'><strong>eum</strong></span> 
     </span>
     <span class='ocr_line' id='line_1_33' title="bbox 137 1752 676 1797; baseline -0.007 -7"><span class='ocrx_word' id='word_1_210' title='bbox 137 1756 256 1790; x_wconf 91' lang='lat' dir='ltr'><strong>locum</strong></span> <span class='ocrx_word' id='word_1_211' title='bbox 273 1755 479 1797; x_wconf 86' lang='lat' dir='ltr'><strong>navigantes</strong></span> <span class='ocrx_word' id='word_1_212' title='bbox 498 1752 676 1795; x_wconf 85' lang='lat' dir='ltr'><strong>elegerint.</strong></span> 
     </span>
    </p>

    <p class='ocr_par' dir='ltr' id='par_1_7' title="bbox 139 1800 1131 2662">
     <span class='ocr_line' id='line_1_34' title="bbox 242 1800 1127 1848; baseline -0.003 -9"><span class='ocrx_word' id='word_1_213' title='bbox 242 1803 354 1848; x_wconf 91' lang='lat' dir='ltr'><strong>Capto</strong></span> <span class='ocrx_word' id='word_1_214' title='bbox 377 1810 493 1836; x_wconf 90' lang='lat' dir='ltr'><strong>autem</strong></span> <span class='ocrx_word' id='word_1_215' title='bbox 509 1801 640 1836; x_wconf 89' lang='lat' dir='ltr'><strong>Croeso</strong></span> <span class='ocrx_word' id='word_1_216' title='bbox 663 1801 859 1847; x_wconf 87' lang='lat' dir='ltr'><strong>pepercisse</strong></span> <span class='ocrx_word' id='word_1_217' title='bbox 885 1800 950 1837; x_wconf 85' lang='lat' dir='ltr'><strong>hac</strong></span> <span class='ocrx_word' id='word_1_218' title='bbox 972 1803 1127 1837; x_wconf 90' lang='lat' dir='ltr'><strong>occasio-</strong></span> 
     </span>
     <span class='ocr_line' id='line_1_35' title="bbox 140 1852 1127 1902; baseline -0.004 -11"><span class='ocrx_word' id='word_1_219' title='bbox 140 1867 186 1891; x_wconf 87' lang='lat' dir='ltr'><strong>ne</strong></span> <span class='ocrx_word' id='word_1_220' title='bbox 203 1854 317 1902; x_wconf 87' lang='lat' dir='ltr'><strong>Cyrus</strong></span> <span class='ocrx_word' id='word_1_221' title='bbox 335 1853 513 1889; x_wconf 89' lang='lat' dir='ltr'><strong>scribitur.</strong></span> <span class='ocrx_word' id='word_1_222' title='bbox 553 1852 642 1886; x_wconf 89' lang='lat' dir='ltr'><strong>Cum</strong></span> <span class='ocrx_word' id='word_1_223' title='bbox 660 1854 697 1886; x_wconf 94' lang='lat' dir='ltr'><strong>in</strong></span> <span class='ocrx_word' id='word_1_224' title='bbox 717 1864 839 1896; x_wconf 88' lang='lat' dir='ltr'><strong>rogum</strong></span> <span class='ocrx_word' id='word_1_225' title='bbox 863 1853 1049 1898; x_wconf 88' lang='lat' dir='ltr'><strong>impositus</strong></span> <span class='ocrx_word' id='word_1_226' title='bbox 1074 1861 1127 1888; x_wconf 90' lang='lat' dir='ltr'><strong>ter</strong></span> 
     </span>
     <span class='ocr_line' id='line_1_36' title="bbox 139 1902 1126 1950; baseline -0.004 -8"><span class='ocrx_word' id='word_1_227' title='bbox 139 1907 340 1943; x_wconf 87' lang='lat' dir='ltr'><strong>clamasset:</strong></span> <span class='ocrx_word' id='word_1_228' title='bbox 375 1902 410 1938; x_wconf 92' lang='lat' dir='ltr'>O</span> <span class='ocrx_word' id='word_1_229' title='bbox 428 1902 564 1945; x_wconf 87' lang='lat' dir='ltr'><strong>Solon,</strong></span> <span class='ocrx_word' id='word_1_230' title='bbox 591 1903 704 1950; x_wconf 80' lang='lat' dir='ltr'><strong>Cyrus</strong></span> <span class='ocrx_word' id='word_1_231' title='bbox 730 1904 896 1945; x_wconf 81' lang='lat' dir='ltr'><strong>miratus,</strong></span> <span class='ocrx_word' id='word_1_232' title='bbox 922 1917 984 1937; x_wconf 91' lang='lat' dir='ltr'><strong>cur</strong></span> <span class='ocrx_word' id='word_1_233' title='bbox 1008 1905 1045 1937; x_wconf 92' lang='lat' dir='ltr'><strong>in</strong></span> <span class='ocrx_word' id='word_1_234' title='bbox 1068 1917 1126 1938; x_wconf 91' lang='lat' dir='ltr'><strong>ex-</strong></span> 
     </span>
     <span class='ocr_line' id='line_1_37' title="bbox 139 1952 1128 1996; baseline -0.004 -4"><span class='ocrx_word' id='word_1_235' title='bbox 139 1965 253 1993; x_wconf 87' lang='lat' dir='ltr'><strong>tremo</strong></span> <span class='ocrx_word' id='word_1_236' title='bbox 279 1956 428 1990; x_wconf 88' lang='lat' dir='ltr'><strong>articulo</strong></span> <span class='ocrx_word' id='word_1_237' title='bbox 452 1955 543 1989; x_wconf 91' lang='lat' dir='ltr'><strong>vitae</strong></span> <span class='ocrx_word' id='word_1_238' title='bbox 573 1952 664 1989; x_wconf 90' lang='lat' dir='ltr'><strong>hanc</strong></span> <span class='ocrx_word' id='word_1_239' title='bbox 685 1966 805 1988; x_wconf 91' lang='lat' dir='ltr'><strong>vocem</strong></span> <span class='ocrx_word' id='word_1_240' title='bbox 840 1962 998 1996; x_wconf 88' lang='lat' dir='ltr'><strong>sonaret,</strong></span> <span class='ocrx_word' id='word_1_241' title='bbox 1026 1955 1128 1989; x_wconf 87' lang='lat' dir='ltr'><strong>iussit</strong></span> 
     </span>
     <span class='ocr_line' id='line_1_38' title="bbox 141 2005 1127 2049; baseline -0.002 -7"><span class='ocrx_word' id='word_1_242' title='bbox 141 2020 222 2042; x_wconf 86' lang='lat' dir='ltr'><strong>eum</strong></span> <span class='ocrx_word' id='word_1_243' title='bbox 246 2007 401 2040; x_wconf 87' lang='lat' dir='ltr'><strong>liberari.</strong></span> <span class='ocrx_word' id='word_1_244' title='bbox 455 2005 509 2039; x_wconf 87' lang='lat' dir='ltr'><strong>lbi</strong></span> <span class='ocrx_word' id='word_1_245' title='bbox 537 2005 687 2040; x_wconf 87' lang='lat' dir='ltr'><strong>Croesus</strong></span> <span class='ocrx_word' id='word_1_246' title='bbox 708 2006 944 2049; x_wconf 90' lang='lat' dir='ltr'><strong>interrogatus</strong></span> <span class='ocrx_word' id='word_1_247' title='bbox 970 2007 1127 2040; x_wconf 87' lang='lat' dir='ltr'><strong>narravit</strong></span> 
     </span>
     <span class='ocr_line' id='line_1_39' title="bbox 140 2057 1127 2102; baseline -0.004 -8"><span class='ocrx_word' id='word_1_248' title='bbox 140 2071 244 2094; x_wconf 90' lang='lat' dir='ltr'><strong>suum</strong></span> <span class='ocrx_word' id='word_1_249' title='bbox 270 2064 302 2091; x_wconf 86' lang='lat' dir='ltr'><strong>et</strong></span> <span class='ocrx_word' id='word_1_250' title='bbox 325 2057 467 2092; x_wconf 88' lang='lat' dir='ltr'><strong>Solonis</strong></span> <span class='ocrx_word' id='word_1_251' title='bbox 489 2057 727 2102; x_wconf 82' lang='lat' dir='ltr'><strong>colloquium,</strong></span> <span class='ocrx_word' id='word_1_252' title='bbox 754 2057 814 2102; x_wconf 91' lang='lat' dir='ltr'><strong>qui</strong></span> <span class='ocrx_word' id='word_1_253' title='bbox 833 2057 987 2097; x_wconf 82' lang='lat' dir='ltr'><strong>dixerat,</strong></span> <span class='ocrx_word' id='word_1_254' title='bbox 1013 2057 1127 2090; x_wconf 86' lang='lat' dir='ltr'><strong>nemi-</strong></span> 
     </span>
     <span class='ocr_line' id='line_1_40' title="bbox 141 2108 1128 2149; baseline -0.003 -5"><span class='ocrx_word' id='word_1_255' title='bbox 141 2122 224 2144; x_wconf 87' lang='lat' dir='ltr'><strong>nem</strong></span> <span class='ocrx_word' id='word_1_256' title='bbox 254 2114 334 2142; x_wconf 90' lang='lat' dir='ltr'><strong>ante</strong></span> <span class='ocrx_word' id='word_1_257' title='bbox 364 2108 453 2141; x_wconf 83' lang='lat' dir='ltr'><strong>vitae</strong></span> <span class='ocrx_word' id='word_1_258' title='bbox 483 2108 587 2140; x_wconf 81' lang='lat' dir='ltr'><strong>finem</strong></span> <span class='ocrx_word' id='word_1_259' title='bbox 619 2108 758 2141; x_wconf 89' lang='lat' dir='ltr'><strong>beatum</strong></span> <span class='ocrx_word' id='word_1_260' title='bbox 786 2119 858 2141; x_wconf 88' lang='lat' dir='ltr'><strong>esse</strong></span> <span class='ocrx_word' id='word_1_261' title='bbox 886 2108 1128 2149; x_wconf 87' lang='lat' dir='ltr'><strong>iudicandum,</strong></span> 
     </span>
     <span class='ocr_line' id='line_1_41' title="bbox 142 2158 1127 2207; baseline -0.003 -13"><span class='ocrx_word' id='word_1_262' title='bbox 142 2160 227 2207; x_wconf 86' lang='lat' dir='ltr'><strong>quia</strong></span> <span class='ocrx_word' id='word_1_263' title='bbox 247 2159 395 2204; x_wconf 89' lang='lat' dir='ltr'><strong>singulis</strong></span> <span class='ocrx_word' id='word_1_264' title='bbox 423 2165 502 2193; x_wconf 90' lang='lat' dir='ltr'><strong>ante</strong></span> <span class='ocrx_word' id='word_1_265' title='bbox 526 2165 674 2192; x_wconf 88' lang='lat' dir='ltr'><strong>mortem</strong></span> <span class='ocrx_word' id='word_1_266' title='bbox 699 2158 812 2193; x_wconf 89' lang='lat' dir='ltr'><strong>tristia</strong></span> <span class='ocrx_word' id='word_1_267' title='bbox 834 2159 944 2193; x_wconf 86' lang='lat' dir='ltr'><strong>multa</strong></span> <span class='ocrx_word' id='word_1_268' title='bbox 970 2159 1127 2193; x_wconf 85' lang='lat' dir='ltr'><strong>accidere</strong></span> 
     </span>
     <span class='ocr_line' id='line_1_42' title="bbox 142 2209 1125 2257; baseline -0.002 -12"><span class='ocrx_word' id='word_1_269' title='bbox 142 2217 296 2257; x_wconf 89' lang='lat' dir='ltr'><strong>possent.</strong></span> <span class='ocrx_word' id='word_1_270' title='bbox 349 2209 445 2243; x_wconf 88' lang='lat' dir='ltr'><strong>Haec</strong></span> <span class='ocrx_word' id='word_1_271' title='bbox 460 2209 669 2253; x_wconf 85' lang='lat' dir='ltr'><strong>cogitantem</strong></span> <span class='ocrx_word' id='word_1_272' title='bbox 692 2210 740 2243; x_wconf 90' lang='lat' dir='ltr'><strong>ait</strong></span> <span class='ocrx_word' id='word_1_273' title='bbox 754 2221 789 2243; x_wconf 90' lang='lat' dir='ltr'><strong>se</strong></span> <span class='ocrx_word' id='word_1_274' title='bbox 805 2210 1005 2254; x_wconf 80' lang='lat' dir='ltr'><strong>deplorasse</strong></span> <span class='ocrx_word' id='word_1_275' title='bbox 1028 2221 1125 2243; x_wconf 91' lang='lat' dir='ltr'><strong>suam</strong></span> 
     </span>
     <span class='ocr_line' id='line_1_43' title="bbox 144 2259 1127 2306; baseline -0.004 -9"><span class='ocrx_word' id='word_1_276' title='bbox 144 2261 353 2302; x_wconf 85' lang='lat' dir='ltr'><strong>stulticiam,</strong></span> <span class='ocrx_word' id='word_1_277' title='bbox 378 2261 473 2306; x_wconf 91' lang='lat' dir='ltr'><strong>quod</strong></span> <span class='ocrx_word' id='word_1_278' title='bbox 489 2259 639 2294; x_wconf 85' lang='lat' dir='ltr'><strong>conlisus</strong></span> <span class='ocrx_word' id='word_1_279' title='bbox 657 2261 828 2304; x_wconf 87' lang='lat' dir='ltr'><strong>praesenti</strong></span> <span class='ocrx_word' id='word_1_280' title='bbox 846 2261 1001 2305; x_wconf 88' lang='lat' dir='ltr'><strong>potentia</strong></span> <span class='ocrx_word' id='word_1_281' title='bbox 1015 2288 1024 2301; x_wconf 95' lang='lat'><strong>,</strong></span> <span class='ocrx_word' id='word_1_282' title='bbox 1053 2261 1127 2294; x_wconf 89' lang='lat' dir='ltr'><strong>bel-</strong></span> 
     </span>
     <span class='ocr_line' id='line_1_44' title="bbox 144 2311 1128 2357; baseline -0.003 -10"><span class='ocrx_word' id='word_1_283' title='bbox 144 2313 221 2347; x_wconf 92' lang='lat' dir='ltr'><strong>lum</strong></span> <span class='ocrx_word' id='word_1_284' title='bbox 243 2311 334 2357; x_wconf 84' lang='lat' dir='ltr'><strong>Cyro</strong></span> <span class='ocrx_word' id='word_1_285' title='bbox 361 2311 554 2352; x_wconf 89' lang='lat' dir='ltr'><strong>intulisset,</strong></span> <span class='ocrx_word' id='word_1_286' title='bbox 588 2318 674 2345; x_wconf 82' lang='lat' dir='ltr'><strong>tune</strong></span> <span class='ocrx_word' id='word_1_287' title='bbox 696 2323 768 2345; x_wconf 92' lang='lat' dir='ltr'><strong>non</strong></span> <span class='ocrx_word' id='word_1_288' title='bbox 790 2312 946 2355; x_wconf 85' lang='lat' dir='ltr'><strong>cogitans</strong></span> <span class='ocrx_word' id='word_1_289' title='bbox 966 2312 1128 2346; x_wconf 85' lang='lat' dir='ltr'><strong>fortunae</strong></span> 
     </span>
     <span class='ocr_line' id='line_1_45' title="bbox 146 2362 1128 2408; baseline -0.001 -11"><span class='ocrx_word' id='word_1_290' title='bbox 146 2362 437 2401; x_wconf 87' lang='lat' dir='ltr'><strong>inconstantiam,</strong></span> <span class='ocrx_word' id='word_1_291' title='bbox 459 2374 538 2395; x_wconf 93' lang='lat' dir='ltr'><strong>cum</strong></span> <span class='ocrx_word' id='word_1_292' title='bbox 556 2362 698 2408; x_wconf 86' lang='lat' dir='ltr'><strong>quidem</strong></span> <span class='ocrx_word' id='word_1_293' title='bbox 718 2370 750 2397; x_wconf 90' lang='lat' dir='ltr'><strong>et</strong></span> <span class='ocrx_word' id='word_1_294' title='bbox 777 2363 917 2396; x_wconf 88' lang='lat' dir='ltr'><strong>oraculo</strong></span> <span class='ocrx_word' id='word_1_295' title='bbox 936 2370 1027 2397; x_wconf 89' lang='lat' dir='ltr'><strong>recte</strong></span> <span class='ocrx_word' id='word_1_296' title='bbox 1051 2375 1128 2396; x_wconf 89' lang='lat' dir='ltr'><strong>mo-</strong></span> 
     </span>
     <span class='ocr_line' id='line_1_46' title="bbox 146 2413 1128 2456; baseline -0.002 -8"><span class='ocrx_word' id='word_1_297' title='bbox 146 2414 243 2448; x_wconf 89' lang='lat' dir='ltr'><strong>nitus</strong></span> <span class='ocrx_word' id='word_1_298' title='bbox 260 2419 364 2453; x_wconf 86' lang='lat' dir='ltr'><strong>esset‚</strong></span> <span class='ocrx_word' id='word_1_299' title='bbox 389 2425 424 2446; x_wconf 95' lang='lat' dir='ltr'><strong>se</strong></span> <span class='ocrx_word' id='word_1_300' title='bbox 448 2413 589 2448; x_wconf 89' lang='lat' dir='ltr'><strong>beatum</strong></span> <span class='ocrx_word' id='word_1_301' title='bbox 608 2414 699 2452; x_wconf 87' lang='lat' dir='ltr'><strong>sore,</strong></span> <span class='ocrx_word' id='word_1_302' title='bbox 725 2413 751 2446; x_wconf 92' lang='lat' dir='ltr'><strong>si</strong></span> <span class='ocrx_word' id='word_1_303' title='bbox 770 2424 843 2446; x_wconf 91' lang='lat' dir='ltr'><strong>sese</strong></span> <span class='ocrx_word' id='word_1_304' title='bbox 867 2420 993 2447; x_wconf 83' lang='lat' dir='ltr'><strong>nosset.</strong></span> <span class='ocrx_word' id='word_1_305' title='bbox 1047 2414 1128 2456; x_wconf 81' lang='lat' dir='ltr'><strong>Quo</strong></span> 
     </span>
     <span class='ocr_line' id='line_1_47' title="bbox 147 2463 1129 2509; baseline -0.001 -10"><span class='ocrx_word' id='word_1_306' title='bbox 147 2476 229 2499; x_wconf 87' lang='lat' dir='ltr'><strong>cum</strong></span> <span class='ocrx_word' id='word_1_307' title='bbox 253 2463 438 2497; x_wconf 85' lang='lat' dir='ltr'><strong>iudicasset</strong></span> <span class='ocrx_word' id='word_1_308' title='bbox 461 2474 496 2497; x_wconf 92' lang='lat' dir='ltr'><strong>se</strong></span> <span class='ocrx_word' id='word_1_309' title='bbox 520 2464 677 2505; x_wconf 85' lang='lat' dir='ltr'><strong>moneri,</strong></span> <span class='ocrx_word' id='word_1_310' title='bbox 704 2476 748 2497; x_wconf 93' lang='lat' dir='ltr'><strong>ne</strong></span> <span class='ocrx_word' id='word_1_311' title='bbox 767 2465 851 2509; x_wconf 88' lang='lat' dir='ltr'><strong>quid</strong></span> <span class='ocrx_word' id='word_1_312' title='bbox 875 2471 1047 2498; x_wconf 81' lang='lat' dir='ltr'><strong>moveret:</strong></span> <span class='ocrx_word' id='word_1_313' title='bbox 1077 2471 1129 2498; x_wconf 89' lang='lat' dir='ltr'><strong>ta-</strong></span> 
     </span>
     <span class='ocr_line' id='line_1_48' title="bbox 147 2514 1131 2559; baseline -0.001 -11"><span class='ocrx_word' id='word_1_314' title='bbox 147 2527 231 2548; x_wconf 90' lang='lat' dir='ltr'><strong>men</strong></span> <span class='ocrx_word' id='word_1_315' title='bbox 247 2515 292 2548; x_wconf 89' lang='lat' dir='ltr'><strong>ab</strong></span> <span class='ocrx_word' id='word_1_316' title='bbox 309 2514 551 2548; x_wconf 85' lang='lat' dir='ltr'><strong>adulatoribus</strong></span> <span class='ocrx_word' id='word_1_317' title='bbox 567 2515 750 2548; x_wconf 86' lang='lat' dir='ltr'><strong>incitatum</strong></span> <span class='ocrx_word' id='word_1_318' title='bbox 768 2526 802 2548; x_wconf 90' lang='lat' dir='ltr'><strong>se</strong></span> <span class='ocrx_word' id='word_1_319' title='bbox 818 2526 908 2555; x_wconf 87' lang='lat' dir='ltr'><strong>esse,</strong></span> <span class='ocrx_word' id='word_1_320' title='bbox 929 2515 988 2559; x_wconf 89' lang='lat' dir='ltr'><strong>qui</strong></span> <span class='ocrx_word' id='word_1_321' title='bbox 1007 2527 1131 2548; x_wconf 83' lang='lat' dir='ltr'><strong>oracu-</strong></span> 
     </span>
     <span class='ocr_line' id='line_1_49' title="bbox 147 2565 1131 2610; baseline 0 -11"><span class='ocrx_word' id='word_1_322' title='bbox 147 2566 224 2600; x_wconf 85' lang='lat' dir='ltr'><strong>lum</strong></span> <span class='ocrx_word' id='word_1_323' title='bbox 241 2565 289 2598; x_wconf 89' lang='lat' dir='ltr'><strong>sic</strong></span> <span class='ocrx_word' id='word_1_324' title='bbox 305 2565 524 2610; x_wconf 88' lang='lat' dir='ltr'><strong>interpretati</strong></span> <span class='ocrx_word' id='word_1_325' title='bbox 540 2572 664 2606; x_wconf 86' lang='lat' dir='ltr'><strong>essent,</strong></span> <span class='ocrx_word' id='word_1_326' title='bbox 690 2572 729 2600; x_wconf 90' lang='lat' dir='ltr'><strong>ut</strong></span> <span class='ocrx_word' id='word_1_327' title='bbox 746 2565 938 2610; x_wconf 86' lang='lat' dir='ltr'><strong>potentiam</strong></span> <span class='ocrx_word' id='word_1_328' title='bbox 957 2577 1053 2598; x_wconf 83' lang='lat' dir='ltr'><strong>suam</strong></span> <span class='ocrx_word' id='word_1_329' title='bbox 1073 2578 1131 2599; x_wconf 90' lang='lat' dir='ltr'><strong>co-</strong></span> 
     </span>
     <span class='ocr_line' id='line_1_50' title="bbox 149 2615 1130 2662; baseline -0.001 -13"><span class='ocrx_word' id='word_1_330' title='bbox 149 2616 274 2660; x_wconf 86' lang='lat' dir='ltr'><strong>gitaret</strong></span> <span class='ocrx_word' id='word_1_331' title='bbox 292 2616 460 2649; x_wconf 90' lang='lat' dir='ltr'><strong>maiorem</strong></span> <span class='ocrx_word' id='word_1_332' title='bbox 488 2626 558 2648; x_wconf 82' lang='lat' dir='ltr'><strong>esse</strong></span> <span class='ocrx_word' id='word_1_333' title='bbox 575 2615 659 2662; x_wconf 88' lang='lat' dir='ltr'><strong>Cyri</strong></span> <span class='ocrx_word' id='word_1_334' title='bbox 678 2616 854 2661; x_wconf 84' lang='lat' dir='ltr'><strong>potentia,</strong></span> <span class='ocrx_word' id='word_1_335' title='bbox 883 2624 914 2649; x_wconf 89' lang='lat' dir='ltr'><strong>et</strong></span> <span class='ocrx_word' id='word_1_336' title='bbox 934 2624 1130 2659; x_wconf 84' lang='lat' dir='ltr'><strong>permotum</strong></span> 
     </span>
    </p>
   </div>
   <div class='ocr_carea' id='block_1_5' title="bbox 902 99 1470 139">
    <p class='ocr_par' dir='ltr' id='par_1_8' title="bbox 902 99 1470 139">
     <span class='ocr_line' id='line_1_51' title="bbox 902 99 1470 139; baseline -0.002 -1"><span class='ocrx_word' id='word_1_337' title='bbox 902 99 1195 139; x_wconf 83' lang='lat' dir='ltr'><strong>CHRONICON</strong></span> <span class='ocrx_word' id='word_1_338' title='bbox 1222 100 1470 138; x_wconf 78' lang='lat' dir='ltr'><strong>CARIONIS.</strong></span> 
     </span>
    </p>
   </div>
   <div class='ocr_carea' id='block_1_6' title="bbox 2089 103 2164 140">
    <p class='ocr_par' dir='ltr' id='par_1_9' title="bbox 2089 103 2164 140">
     <span class='ocr_line' id='line_1_52' title="bbox 2089 103 2164 140; baseline 0.04 -3"><span class='ocrx_word' id='word_1_339' title='bbox 2089 103 2164 140; x_wconf 78' lang='lat'><strong>782</strong></span> 
     </span>
    </p>
   </div>
   <div class='ocr_carea' id='block_1_7' title="bbox 1173 185 2170 2657">
    <p class='ocr_par' dir='ltr' id='par_1_10' title="bbox 1174 185 2160 275">
     <span class='ocr_line' id='line_1_53' title="bbox 1175 185 2160 229; baseline 0.001 -9"><span class='ocrx_word' id='word_1_340' title='bbox 1175 188 1300 229; x_wconf 88' lang='lat' dir='ltr'><strong>visset,</strong></span> <span class='ocrx_word' id='word_1_341' title='bbox 1327 188 1478 222; x_wconf 77' lang='lat' dir='ltr'><strong>servavit</strong></span> <span class='ocrx_word' id='word_1_342' title='bbox 1502 199 1602 227; x_wconf 91' lang='lat' dir='ltr'><strong>eum,</strong></span> <span class='ocrx_word' id='word_1_343' title='bbox 1631 194 1664 223; x_wconf 91' lang='lat' dir='ltr'><strong>et</strong></span> <span class='ocrx_word' id='word_1_344' title='bbox 1690 188 1783 222; x_wconf 91' lang='lat' dir='ltr'><strong>inter</strong></span> <span class='ocrx_word' id='word_1_345' title='bbox 1796 187 1892 222; x_wconf 82' lang='lat' dir='ltr'><strong>viros</strong></span> <span class='ocrx_word' id='word_1_346' title='bbox 1918 185 2110 222; x_wconf 88' lang='lat' dir='ltr'><strong>honoratos</strong></span> <span class='ocrx_word' id='word_1_347' title='bbox 2129 195 2160 221; x_wconf 83' lang='lat' dir='ltr'><strong>et</strong></span> 
     </span>
     <span class='ocr_line' id='line_1_54' title="bbox 1174 236 1589 275; baseline 0.002 -3"><span class='ocrx_word' id='word_1_348' title='bbox 1174 238 1304 272; x_wconf 84' lang='lat' dir='ltr'><strong>amieos</strong></span> <span class='ocrx_word' id='word_1_349' title='bbox 1322 251 1436 272; x_wconf 90' lang='lat' dir='ltr'><strong>secum</strong></span> <span class='ocrx_word' id='word_1_350' title='bbox 1452 236 1589 275; x_wconf 81' lang='lat' dir='ltr'><strong>habuit.</strong></span> 
     </span>
    </p>

    <p class='ocr_par' dir='ltr' id='par_1_11' title="bbox 1173 288 2162 728">
     <span class='ocr_line' id='line_1_55' title="bbox 1275 288 2162 334; baseline 0 -12"><span class='ocrx_word' id='word_1_351' title='bbox 1275 289 1488 323; x_wconf 58' lang='lat' dir='ltr'><strong>Nominatur</strong></span> <span class='ocrx_word' id='word_1_352' title='bbox 1519 301 1601 333; x_wconf 86' lang='lat' dir='ltr'><strong>ergo</strong></span> <span class='ocrx_word' id='word_1_353' title='bbox 1625 288 1774 324; x_wconf 90' lang='lat' dir='ltr'><strong>Croesus</strong></span> <span class='ocrx_word' id='word_1_354' title='bbox 1799 289 1892 323; x_wconf 90' lang='lat' dir='ltr'><strong>inter</strong></span> <span class='ocrx_word' id='word_1_355' title='bbox 1915 289 2071 334; x_wconf 80' lang='lat' dir='ltr'><strong>exempla</strong></span> <span class='ocrx_word' id='word_1_356' title='bbox 2104 289 2162 322; x_wconf 90' lang='lat' dir='ltr'><strong>in-</strong></span> 
     </span>
     <span class='ocr_line' id='line_1_56' title="bbox 1174 339 2161 383; baseline 0.001 -11"><span class='ocrx_word' id='word_1_357' title='bbox 1174 340 1389 374; x_wconf 86' lang='lat' dir='ltr'><strong>constantiae</strong></span> <span class='ocrx_word' id='word_1_358' title='bbox 1411 341 1584 374; x_wconf 85' lang='lat' dir='ltr'><strong>fortunae.</strong></span> <span class='ocrx_word' id='word_1_359' title='bbox 1644 339 1714 374; x_wconf 86' lang='lat' dir='ltr'><strong>Sed</strong></span> <span class='ocrx_word' id='word_1_360' title='bbox 1739 351 1840 373; x_wconf 87' lang='lat' dir='ltr'><strong>causa</strong></span> <span class='ocrx_word' id='word_1_361' title='bbox 1865 340 1975 383; x_wconf 86' lang='lat' dir='ltr'><strong>magis</strong></span> <span class='ocrx_word' id='word_1_362' title='bbox 1999 340 2161 373; x_wconf 88' lang='lat' dir='ltr'><strong>conside-</strong></span> 
     </span>
     <span class='ocr_line' id='line_1_57' title="bbox 1173 389 2160 429; baseline -0.001 -6"><span class='ocrx_word' id='word_1_363' title='bbox 1173 391 1282 424; x_wconf 89' lang='lat' dir='ltr'><strong>randa</strong></span> <span class='ocrx_word' id='word_1_364' title='bbox 1311 398 1370 425; x_wconf 89' lang='lat' dir='ltr'><strong>est.</strong></span> <span class='ocrx_word' id='word_1_365' title='bbox 1424 389 1555 423; x_wconf 88' lang='lat' dir='ltr'><strong>Errore</strong></span> <span class='ocrx_word' id='word_1_366' title='bbox 1581 397 1763 429; x_wconf 88' lang='lat' dir='ltr'><strong>movetur,</strong></span> <span class='ocrx_word' id='word_1_367' title='bbox 1790 397 1831 423; x_wconf 92' lang='lat' dir='ltr'><strong>ut</strong></span> <span class='ocrx_word' id='word_1_368' title='bbox 1849 391 1981 423; x_wconf 89' lang='lat' dir='ltr'><strong>bellum</strong></span> <span class='ocrx_word' id='word_1_369' title='bbox 2008 403 2081 424; x_wconf 90' lang='lat' dir='ltr'><strong>non</strong></span> <span class='ocrx_word' id='word_1_370' title='bbox 2099 402 2160 423; x_wconf 91' lang='lat' dir='ltr'><strong>ne-</strong></span> 
     </span>
     <span class='ocr_line' id='line_1_58' title="bbox 1173 438 2161 481; baseline 0 -7"><span class='ocrx_word' id='word_1_371' title='bbox 1173 441 1360 475; x_wconf 88' lang='lat' dir='ltr'><strong>cessarium</strong></span> <span class='ocrx_word' id='word_1_372' title='bbox 1378 449 1532 481; x_wconf 85' lang='lat' dir='ltr'><strong>moveat,</strong></span> <span class='ocrx_word' id='word_1_373' title='bbox 1561 441 1607 474; x_wconf 92' lang='lat' dir='ltr'><strong>ita</strong></span> <span class='ocrx_word' id='word_1_374' title='bbox 1624 441 1855 474; x_wconf 86' lang='lat' dir='ltr'><strong>calamitatem</strong></span> <span class='ocrx_word' id='word_1_375' title='bbox 1874 438 2030 475; x_wconf 86' lang='lat' dir='ltr'><strong>attrahit.</strong></span> <span class='ocrx_word' id='word_1_376' title='bbox 2083 441 2161 474; x_wconf 91' lang='lat' dir='ltr'><strong>Do-</strong></span> 
     </span>
     <span class='ocr_line' id='line_1_59' title="bbox 1174 490 2159 534; baseline 0 -10"><span class='ocrx_word' id='word_1_377' title='bbox 1174 498 1227 525; x_wconf 88' lang='lat' dir='ltr'><strong>cet</strong></span> <span class='ocrx_word' id='word_1_378' title='bbox 1242 491 1368 534; x_wconf 91' lang='lat' dir='ltr'><strong>igitur‚</strong></span> <span class='ocrx_word' id='word_1_379' title='bbox 1396 503 1440 524; x_wconf 89' lang='lat' dir='ltr'><strong>ne</strong></span> <span class='ocrx_word' id='word_1_380' title='bbox 1459 503 1513 524; x_wconf 90' lang='lat' dir='ltr'><strong>res</strong></span> <span class='ocrx_word' id='word_1_381' title='bbox 1533 502 1678 534; x_wconf 84' lang='lat' dir='ltr'><strong>magnas</strong></span> <span class='ocrx_word' id='word_1_382' title='bbox 1696 490 1771 523; x_wconf 91' lang='lat' dir='ltr'><strong>sine</strong></span> <span class='ocrx_word' id='word_1_383' title='bbox 1796 491 1998 524; x_wconf 86' lang='lat' dir='ltr'><strong>necessitate</strong></span> <span class='ocrx_word' id='word_1_384' title='bbox 2018 502 2159 525; x_wconf 78' lang='lat' dir='ltr'><strong>movea-</strong></span> 
     </span>
     <span class='ocr_line' id='line_1_60' title="bbox 1173 541 2160 583; baseline 0.001 -9"><span class='ocrx_word' id='word_1_385' title='bbox 1173 553 1269 583; x_wconf 88' lang='lat' dir='ltr'><strong>mus,</strong></span> <span class='ocrx_word' id='word_1_386' title='bbox 1296 543 1354 575; x_wconf 91' lang='lat' dir='ltr'><strong>sed</strong></span> <span class='ocrx_word' id='word_1_387' title='bbox 1377 542 1486 575; x_wconf 92' lang='lat' dir='ltr'><strong>simus</strong></span> <span class='ocrx_word' id='word_1_388' title='bbox 1506 552 1679 575; x_wconf 86' lang='lat' dir='ltr'><strong>memores</strong></span> <span class='ocrx_word' id='word_1_389' title='bbox 1704 547 1844 574; x_wconf 90' lang='lat' dir='ltr'><strong>nostrae</strong></span> <span class='ocrx_word' id='word_1_390' title='bbox 1868 541 2100 582; x_wconf 88' lang='lat' dir='ltr'><strong>infirmitatis,</strong></span> <span class='ocrx_word' id='word_1_391' title='bbox 2127 548 2160 575; x_wconf 90' lang='lat' dir='ltr'><strong>et</strong></span> 
     </span>
     <span class='ocr_line' id='line_1_61' title="bbox 1173 592 2161 635; baseline 0 -10"><span class='ocrx_word' id='word_1_392' title='bbox 1173 592 1365 626; x_wconf 88' lang='lat' dir='ltr'><strong>necessaria</strong></span> <span class='ocrx_word' id='word_1_393' title='bbox 1390 592 1578 632; x_wconf 87' lang='lat' dir='ltr'><strong>faciamus,</strong></span> <span class='ocrx_word' id='word_1_394' title='bbox 1602 592 1691 625; x_wconf 92' lang='lat' dir='ltr'><strong>sicut</strong></span> <span class='ocrx_word' id='word_1_395' title='bbox 1715 597 1938 635; x_wconf 87' lang='lat' dir='ltr'><strong>praeceptum</strong></span> <span class='ocrx_word' id='word_1_396' title='bbox 1965 598 2030 624; x_wconf 88' lang='lat' dir='ltr'><strong>est:</strong></span> <span class='ocrx_word' id='word_1_397' title='bbox 2068 592 2161 626; x_wconf 89' lang='lat' dir='ltr'><strong>Sub-</strong></span> 
     </span>
     <span class='ocr_line' id='line_1_62' title="bbox 1173 640 2160 681; baseline -0.002 -5"><span class='ocrx_word' id='word_1_398' title='bbox 1173 644 1266 677; x_wconf 90' lang='lat' dir='ltr'><strong>ditus</strong></span> <span class='ocrx_word' id='word_1_399' title='bbox 1283 649 1355 677; x_wconf 85' lang='lat' dir='ltr'><strong>esto</strong></span> <span class='ocrx_word' id='word_1_400' title='bbox 1372 643 1469 681; x_wconf 89' lang='lat' dir='ltr'><strong>Deo,</strong></span> <span class='ocrx_word' id='word_1_401' title='bbox 1497 648 1529 676; x_wconf 84' lang='lat' dir='ltr'><strong>et</strong></span> <span class='ocrx_word' id='word_1_402' title='bbox 1545 654 1606 675; x_wconf 90' lang='lat' dir='ltr'><strong>ora</strong></span> <span class='ocrx_word' id='word_1_403' title='bbox 1621 653 1701 675; x_wconf 92' lang='lat' dir='ltr'><strong>eum</strong></span> <span class='ocrx_word' id='word_1_404' title='bbox 1718 649 1781 676; x_wconf 89' lang='lat' dir='ltr'><strong>etc.</strong></span> <span class='ocrx_word' id='word_1_405' title='bbox 1838 641 1940 675; x_wconf 87' lang='lat' dir='ltr'><strong>ltem:</strong></span> <span class='ocrx_word' id='word_1_406' title='bbox 1970 640 2160 675; x_wconf 90' lang='lat' dir='ltr'><strong>Commen-</strong></span> 
     </span>
     <span class='ocr_line' id='line_1_63' title="bbox 1173 693 1618 728; baseline 0 -1"><span class='ocrx_word' id='word_1_407' title='bbox 1173 695 1216 728; x_wconf 89' lang='lat' dir='ltr'><strong>da</strong></span> <span class='ocrx_word' id='word_1_408' title='bbox 1236 694 1314 728; x_wconf 91' lang='lat' dir='ltr'><strong>Deo</strong></span> <span class='ocrx_word' id='word_1_409' title='bbox 1330 693 1423 727; x_wconf 87' lang='lat' dir='ltr'><strong>viam</strong></span> <span class='ocrx_word' id='word_1_410' title='bbox 1442 700 1536 727; x_wconf 89' lang='lat' dir='ltr'><strong>tuam</strong></span> <span class='ocrx_word' id='word_1_411' title='bbox 1556 699 1618 728; x_wconf 84' lang='lat' dir='ltr'><strong>etc.</strong></span> 
     </span>
    </p>

    <p class='ocr_par' dir='ltr' id='par_1_12' title="bbox 1173 740 2164 1092">
     <span class='ocr_line' id='line_1_64' title="bbox 1275 740 2162 778; baseline -0.002 0"><span class='ocrx_word' id='word_1_412' title='bbox 1275 744 1386 778; x_wconf 70' lang='lat' dir='ltr'><strong>Notae</strong></span> <span class='ocrx_word' id='word_1_413' title='bbox 1410 745 1479 778; x_wconf 92' lang='lat' dir='ltr'><strong>sint</strong></span> <span class='ocrx_word' id='word_1_414' title='bbox 1502 751 1534 777; x_wconf 89' lang='lat' dir='ltr'><strong>et</strong></span> <span class='ocrx_word' id='word_1_415' title='bbox 1551 742 1797 776; x_wconf 88' lang='lat' dir='ltr'><strong>memorabiles</strong></span> <span class='ocrx_word' id='word_1_416' title='bbox 1819 741 2012 776; x_wconf 88' lang='lat' dir='ltr'><strong>sententiae</strong></span> <span class='ocrx_word' id='word_1_417' title='bbox 2035 742 2072 775; x_wconf 91' lang='lat' dir='ltr'><strong>in</strong></span> <span class='ocrx_word' id='word_1_418' title='bbox 2098 740 2162 776; x_wconf 88' lang='lat' dir='ltr'><strong>hac</strong></span> 
     </span>
     <span class='ocr_line' id='line_1_65' title="bbox 1173 792 2162 839; baseline -0.002 -11"><span class='ocrx_word' id='word_1_419' title='bbox 1173 793 1332 829; x_wconf 88' lang='lat' dir='ltr'><strong>historia.</strong></span> <span class='ocrx_word' id='word_1_420' title='bbox 1384 794 1490 839; x_wconf 84' lang='lat' dir='ltr'><strong>Apud</strong></span> <span class='ocrx_word' id='word_1_421' title='bbox 1507 793 1729 828; x_wconf 85' lang='lat' dir='ltr'><strong>Herodotum</strong></span> <span class='ocrx_word' id='word_1_422' title='bbox 1746 792 1861 838; x_wconf 89' lang='lat' dir='ltr'><strong>inquit</strong></span> <span class='ocrx_word' id='word_1_423' title='bbox 1879 792 2002 833; x_wconf 83' lang='lat' dir='ltr'><strong>Solon,</strong></span> <span class='ocrx_word' id='word_1_424' title='bbox 2030 804 2106 836; x_wconf 85' lang='lat' dir='ltr'><strong>pag.</strong></span> <span class='ocrx_word' id='word_1_425' title='bbox 2123 792 2162 837; x_wconf 78' lang='grc' dir='ltr'><strong>β.</strong></span> 
     </span>
     <span class='ocr_line' id='line_1_66' title="bbox 1173 843 2162 891; baseline -0.003 -12"><span class='ocrx_word' id='word_1_426' title='bbox 1173 857 1276 879; x_wconf 88' lang='lat' dir='ltr'><strong>versu</strong></span> <span class='ocrx_word' id='word_1_427' title='bbox 1303 846 1446 879; x_wconf 88' lang='lat' dir='ltr'><strong>ultimo:</strong></span> <span class='ocrx_word' id='word_1_428' title='bbox 1474 847 1549 880; x_wconf 76' lang='grc' dir='ltr'><strong>πᾶν</strong></span> <span class='ocrx_word' id='word_1_429' title='bbox 1574 843 1648 879; x_wconf 77' lang='grc' dir='ltr'><strong>ἐστὶ</strong></span> <span class='ocrx_word' id='word_1_430' title='bbox 1675 843 1878 891; x_wconf 72' lang='grc' dir='ltr'><strong>ἄνθρωπος</strong></span> <span class='ocrx_word' id='word_1_431' title='bbox 1901 846 2097 889; x_wconf 67' lang='grc' dir='ltr'><strong>συμφορῇ,</strong></span> <span class='ocrx_word' id='word_1_432' title='bbox 2127 844 2162 876; x_wconf 92' lang='lat' dir='ltr'><strong>id</strong></span> 
     </span>
     <span class='ocr_line' id='line_1_67' title="bbox 1173 894 2163 940; baseline -0.004 -10"><span class='ocrx_word' id='word_1_433' title='bbox 1173 903 1241 930; x_wconf 88' lang='lat' dir='ltr'><strong>est:</strong></span> <span class='ocrx_word' id='word_1_434' title='bbox 1260 895 1377 930; x_wconf 89' lang='lat' dir='ltr'><strong>Homo</strong></span> <span class='ocrx_word' id='word_1_435' title='bbox 1393 894 1460 929; x_wconf 90' lang='lat' dir='ltr'><strong>hoc</strong></span> <span class='ocrx_word' id='word_1_436' title='bbox 1476 903 1588 930; x_wconf 89' lang='lat' dir='ltr'><strong>totum</strong></span> <span class='ocrx_word' id='word_1_437' title='bbox 1601 896 1694 940; x_wconf 89' lang='lat' dir='ltr'><strong>quod</strong></span> <span class='ocrx_word' id='word_1_438' title='bbox 1713 902 1772 935; x_wconf 83' lang='lat' dir='ltr'><strong>est,</strong></span> <span class='ocrx_word' id='word_1_439' title='bbox 1793 900 1842 927; x_wconf 87' lang='lat' dir='ltr'><strong>est</strong></span> <span class='ocrx_word' id='word_1_440' title='bbox 1859 894 2051 927; x_wconf 80' lang='lat' dir='ltr'><strong>obnoxium</strong></span> <span class='ocrx_word' id='word_1_441' title='bbox 2069 894 2163 926; x_wconf 90' lang='lat' dir='ltr'><strong>mul-</strong></span> 
     </span>
     <span class='ocr_line' id='line_1_68' title="bbox 1173 944 2164 988; baseline -0.004 -7"><span class='ocrx_word' id='word_1_442' title='bbox 1173 948 1218 982; x_wconf 88' lang='lat' dir='ltr'><strong>tis</strong></span> <span class='ocrx_word' id='word_1_443' title='bbox 1241 946 1500 980; x_wconf 88' lang='lat' dir='ltr'><strong>calamitatibus</strong></span> <span class='ocrx_word' id='word_1_444' title='bbox 1525 952 1559 979; x_wconf 87' lang='lat' dir='ltr'><strong>et</strong></span> <span class='ocrx_word' id='word_1_445' title='bbox 1581 946 1737 979; x_wconf 87' lang='lat' dir='ltr'><strong>adversis</strong></span> <span class='ocrx_word' id='word_1_446' title='bbox 1759 945 1906 978; x_wconf 78' lang='lat' dir='ltr'><strong>casibus.</strong></span> <span class='ocrx_word' id='word_1_447' title='bbox 1960 945 2067 988; x_wconf 89' lang='lat' dir='ltr'><strong>Apud</strong></span> <span class='ocrx_word' id='word_1_448' title='bbox 2093 944 2164 977; x_wconf 84' lang='lat' dir='ltr'><strong>Xe-</strong></span> 
     </span>
     <span class='ocr_line' id='line_1_69' title="bbox 1174 993 2164 1041; baseline -0.001 -11"><span class='ocrx_word' id='word_1_449' title='bbox 1174 996 1394 1041; x_wconf 87' lang='lat' dir='ltr'><strong>nophontem</strong></span> <span class='ocrx_word' id='word_1_450' title='bbox 1444 996 1626 1029; x_wconf 89' lang='lat' dir='ltr'><strong>oraculum</strong></span> <span class='ocrx_word' id='word_1_451' title='bbox 1670 996 1852 1028; x_wconf 84' lang='lat' dir='ltr'><strong>recitatur:</strong></span> <span class='ocrx_word' id='word_1_452' title='bbox 1914 993 2069 1029; x_wconf 79' lang='grc' dir='ltr'><em>Σαυτὸν</em></span> <span class='ocrx_word' id='word_1_453' title='bbox 2107 1007 2164 1041; x_wconf 70' lang='grc' dir='ltr'><strong>γι-</strong></span> 
     </span>
     <span class='ocr_line' id='line_1_70' title="bbox 1174 1041 1911 1092; baseline -0.004 -10"><span class='ocrx_word' id='word_1_454' title='bbox 1174 1044 1333 1082; x_wconf 80' lang='grc' dir='ltr'><em>νώσκων</em></span> <span class='ocrx_word' id='word_1_455' title='bbox 1359 1044 1551 1090; x_wconf 70' lang='grc' dir='ltr'><strong>εὐδαίμων</strong></span> <span class='ocrx_word' id='word_1_456' title='bbox 1573 1047 1709 1092; x_wconf 76' lang='grc' dir='ltr'><em>Κροῖσε</em></span> <span class='ocrx_word' id='word_1_457' title='bbox 1734 1041 1911 1091; x_wconf 67' lang='grc' dir='ltr'><em>περάσεις.</em></span> 
     </span>
    </p>

    <p class='ocr_par' dir='ltr' id='par_1_13' title="bbox 1175 1094 2168 1749">
     <span class='ocr_line' id='line_1_71' title="bbox 1279 1094 2166 1139; baseline -0.006 -8"><span class='ocrx_word' id='word_1_458' title='bbox 1279 1098 1361 1131; x_wconf 88' lang='lat' dir='ltr'><strong>Post</strong></span> <span class='ocrx_word' id='word_1_459' title='bbox 1377 1097 1511 1130; x_wconf 90' lang='lat' dir='ltr'><strong>bellum</strong></span> <span class='ocrx_word' id='word_1_460' title='bbox 1528 1102 1663 1139; x_wconf 87' lang='lat' dir='ltr'><strong>gestum</strong></span> <span class='ocrx_word' id='word_1_461' title='bbox 1679 1097 1846 1128; x_wconf 87' lang='lat' dir='ltr'><strong>adversus</strong></span> <span class='ocrx_word' id='word_1_462' title='bbox 1864 1094 1982 1127; x_wconf 87' lang='lat' dir='ltr'><strong>Ionios</strong></span> <span class='ocrx_word' id='word_1_463' title='bbox 2000 1101 2031 1127; x_wconf 89' lang='lat' dir='ltr'><strong>et</strong></span> <span class='ocrx_word' id='word_1_464' title='bbox 2046 1094 2166 1138; x_wconf 69' lang='lat' dir='ltr'><strong>Lydos</strong></span> 
     </span>
     <span class='ocr_line' id='line_1_72' title="bbox 1175 1145 2164 1195; baseline -0.007 -12"><span class='ocrx_word' id='word_1_465' title='bbox 1175 1147 1289 1195; x_wconf 83' lang='lat' dir='ltr'><strong>Cyrus</strong></span> <span class='ocrx_word' id='word_1_466' title='bbox 1305 1147 1526 1193; x_wconf 90' lang='lat' dir='ltr'><strong>Babylonem</strong></span> <span class='ocrx_word' id='word_1_467' title='bbox 1544 1146 1658 1190; x_wconf 88' lang='lat' dir='ltr'><strong>coepit</strong></span> <span class='ocrx_word' id='word_1_468' title='bbox 1675 1145 1854 1185; x_wconf 87' lang='lat' dir='ltr'><strong>obsidere,</strong></span> <span class='ocrx_word' id='word_1_469' title='bbox 1882 1157 1985 1189; x_wconf 82' lang='lat' dir='ltr'><strong>quam</strong></span> <span class='ocrx_word' id='word_1_470' title='bbox 2009 1156 2087 1177; x_wconf 90' lang='lat' dir='ltr'><strong>cum</strong></span> <span class='ocrx_word' id='word_1_471' title='bbox 2107 1156 2164 1177; x_wconf 83' lang='lat' dir='ltr'><strong>oc-</strong></span> 
     </span>
     <span class='ocr_line' id='line_1_73' title="bbox 1176 1194 2165 1244; baseline -0.008 -10"><span class='ocrx_word' id='word_1_472' title='bbox 1176 1205 1355 1244; x_wconf 88' lang='lat' dir='ltr'><strong>cupasset,</strong></span> <span class='ocrx_word' id='word_1_473' title='bbox 1382 1198 1496 1231; x_wconf 88' lang='lat' dir='ltr'><strong>tenuit</strong></span> <span class='ocrx_word' id='word_1_474' title='bbox 1512 1197 1580 1230; x_wconf 90' lang='lat' dir='ltr'><strong>iam</strong></span> <span class='ocrx_word' id='word_1_475' title='bbox 1599 1197 1669 1230; x_wconf 92' lang='lat' dir='ltr'><strong>duo</strong></span> <span class='ocrx_word' id='word_1_476' title='bbox 1694 1196 1844 1229; x_wconf 87' lang='lat' dir='ltr'><strong>maxima</strong></span> <span class='ocrx_word' id='word_1_477' title='bbox 1861 1206 1986 1238; x_wconf 85' lang='lat' dir='ltr'><strong>regna,</strong></span> <span class='ocrx_word' id='word_1_478' title='bbox 2012 1194 2165 1240; x_wconf 84' lang='lat' dir='ltr'><strong>Lydium</strong></span> 
     </span>
     <span class='ocr_line' id='line_1_74' title="bbox 1177 1246 2166 1295; baseline -0.007 -11"><span class='ocrx_word' id='word_1_479' title='bbox 1177 1258 1209 1285; x_wconf 88' lang='lat' dir='ltr'><strong>et</strong></span> <span class='ocrx_word' id='word_1_480' title='bbox 1236 1249 1513 1295; x_wconf 87' lang='lat' dir='ltr'><strong>Babylonicum,</strong></span> <span class='ocrx_word' id='word_1_481' title='bbox 1538 1254 1571 1282; x_wconf 90' lang='lat' dir='ltr'><strong>et</strong></span> <span class='ocrx_word' id='word_1_482' title='bbox 1593 1247 1797 1281; x_wconf 87' lang='lat' dir='ltr'><strong>antecelluit</strong></span> <span class='ocrx_word' id='word_1_483' title='bbox 1820 1246 1976 1289; x_wconf 86' lang='lat' dir='ltr'><strong>potentia</strong></span> <span class='ocrx_word' id='word_1_484' title='bbox 1999 1246 2166 1278; x_wconf 89' lang='lat' dir='ltr'><strong>omnibus</strong></span> 
     </span>
     <span class='ocr_line' id='line_1_75' title="bbox 1176 1296 2166 1345; baseline -0.008 -10"><span class='ocrx_word' id='word_1_485' title='bbox 1176 1301 1318 1345; x_wconf 86' lang='lat' dir='ltr'><strong>regibus</strong></span> <span class='ocrx_word' id='word_1_486' title='bbox 1343 1296 1480 1342; x_wconf 83' lang='lat' dir='ltr'><strong>generis</strong></span> <span class='ocrx_word' id='word_1_487' title='bbox 1503 1296 1662 1332; x_wconf 88' lang='lat' dir='ltr'><strong>humani.</strong></span> <span class='ocrx_word' id='word_1_488' title='bbox 1715 1297 1788 1330; x_wconf 83' lang='lat' dir='ltr'><strong>Etsi</strong></span> <span class='ocrx_word' id='word_1_489' title='bbox 1816 1297 1922 1339; x_wconf 85' lang='lat' dir='ltr'><strong>igitur</strong></span> <span class='ocrx_word' id='word_1_490' title='bbox 1947 1308 2001 1329; x_wconf 92' lang='lat' dir='ltr'><strong>res</strong></span> <span class='ocrx_word' id='word_1_491' title='bbox 2023 1307 2166 1338; x_wconf 90' lang='lat' dir='ltr'><strong>magnas</strong></span> 
     </span>
     <span class='ocr_line' id='line_1_76' title="bbox 1178 1346 2167 1396; baseline -0.007 -11"><span class='ocrx_word' id='word_1_492' title='bbox 1178 1352 1281 1396; x_wconf 84' lang='lat' dir='ltr'><strong>gessit</strong></span> <span class='ocrx_word' id='word_1_493' title='bbox 1303 1349 1416 1396; x_wconf 90' lang='lat' dir='ltr'><strong>Cyrus</strong></span> <span class='ocrx_word' id='word_1_494' title='bbox 1442 1356 1524 1383; x_wconf 89' lang='lat' dir='ltr'><strong>ante</strong></span> <span class='ocrx_word' id='word_1_495' title='bbox 1548 1355 1753 1392; x_wconf 89' lang='lat' dir='ltr'><strong>occupatam</strong></span> <span class='ocrx_word' id='word_1_496' title='bbox 1776 1346 2016 1392; x_wconf 82' lang='lat' dir='ltr'><strong>Babylonem,</strong></span> <span class='ocrx_word' id='word_1_497' title='bbox 2049 1353 2167 1379; x_wconf 86' lang='lat' dir='ltr'><strong>tamen</strong></span> 
     </span>
     <span class='ocr_line' id='line_1_77' title="bbox 1178 1394 2166 1436; baseline -0.007 0"><span class='ocrx_word' id='word_1_498' title='bbox 1178 1403 1320 1436; x_wconf 92' lang='lat' dir='ltr'><strong>initium</strong></span> <span class='ocrx_word' id='word_1_499' title='bbox 1343 1397 1570 1434; x_wconf 88' lang='lat' dir='ltr'><strong>monarchiae</strong></span> <span class='ocrx_word' id='word_1_500' title='bbox 1592 1398 1752 1432; x_wconf 87' lang='lat' dir='ltr'><strong>Persicae</strong></span> <span class='ocrx_word' id='word_1_501' title='bbox 1778 1398 2006 1431; x_wconf 85' lang='lat' dir='ltr'><strong>constitutum</strong></span> <span class='ocrx_word' id='word_1_502' title='bbox 2029 1403 2078 1430; x_wconf 90' lang='lat' dir='ltr'><strong>est</strong></span> <span class='ocrx_word' id='word_1_503' title='bbox 2102 1394 2166 1430; x_wconf 83' lang='lat' dir='ltr'><strong>hac</strong></span> 
     </span>
     <span class='ocr_line' id='line_1_78' title="bbox 1177 1446 2166 1497; baseline -0.008 -10"><span class='ocrx_word' id='word_1_504' title='bbox 1177 1452 1343 1493; x_wconf 86' lang='lat' dir='ltr'><strong>victoria,</strong></span> <span class='ocrx_word' id='word_1_505' title='bbox 1371 1463 1439 1497; x_wconf 88' lang='lat' dir='ltr'><strong>qua</strong></span> <span class='ocrx_word' id='word_1_506' title='bbox 1457 1461 1629 1484; x_wconf 88' lang='lat' dir='ltr'><strong>summam</strong></span> <span class='ocrx_word' id='word_1_507' title='bbox 1653 1461 1766 1482; x_wconf 89' lang='lat' dir='ltr'><strong>arcem</strong></span> <span class='ocrx_word' id='word_1_508' title='bbox 1785 1448 1927 1491; x_wconf 84' lang='lat' dir='ltr'><strong>imperii</strong></span> <span class='ocrx_word' id='word_1_509' title='bbox 1944 1446 2166 1492; x_wconf 85' lang='lat' dir='ltr'><strong>Babylonem</strong></span> 
     </span>
     <span class='ocr_line' id='line_1_79' title="bbox 1178 1495 2167 1548; baseline -0.009 -10"><span class='ocrx_word' id='word_1_510' title='bbox 1178 1504 1304 1548; x_wconf 83' lang='lat' dir='ltr'><strong>coepit.</strong></span> <span class='ocrx_word' id='word_1_511' title='bbox 1345 1500 1391 1535; x_wconf 86' lang='lat' dir='ltr'><strong>Et</strong></span> <span class='ocrx_word' id='word_1_512' title='bbox 1408 1502 1493 1535; x_wconf 88' lang='lat' dir='ltr'><strong>anni</strong></span> <span class='ocrx_word' id='word_1_513' title='bbox 1518 1500 1738 1545; x_wconf 83' lang='lat' dir='ltr'><strong>septuaginta</strong></span> <span class='ocrx_word' id='word_1_514' title='bbox 1757 1499 1850 1532; x_wconf 83' lang='lat' dir='ltr'><strong>exilii</strong></span> <span class='ocrx_word' id='word_1_515' title='bbox 1871 1497 2082 1531; x_wconf 90' lang='lat' dir='ltr'><strong>ludaeorum</strong></span> <span class='ocrx_word' id='word_1_516' title='bbox 2100 1495 2167 1530; x_wconf 89' lang='lat' dir='ltr'><strong>hoe</strong></span> 
     </span>
     <span class='ocr_line' id='line_1_80' title="bbox 1178 1546 2168 1597; baseline -0.008 -9"><span class='ocrx_word' id='word_1_517' title='bbox 1178 1566 1285 1593; x_wconf 89' lang='lat' dir='ltr'><strong>anno,</strong></span> <span class='ocrx_word' id='word_1_518' title='bbox 1311 1559 1409 1597; x_wconf 90' lang='lat' dir='ltr'><strong>capta</strong></span> <span class='ocrx_word' id='word_1_519' title='bbox 1425 1552 1621 1597; x_wconf 76' lang='lat' dir='ltr'><strong>Babylone,</strong></span> <span class='ocrx_word' id='word_1_520' title='bbox 1648 1550 1738 1583; x_wconf 87' lang='lat' dir='ltr'><strong>finiti</strong></span> <span class='ocrx_word' id='word_1_521' title='bbox 1760 1561 1830 1582; x_wconf 87' lang='lat' dir='ltr'><strong>esse</strong></span> <span class='ocrx_word' id='word_1_522' title='bbox 1848 1549 2062 1583; x_wconf 86' lang='lat' dir='ltr'><strong>scribuntur.</strong></span> <span class='ocrx_word' id='word_1_523' title='bbox 2099 1546 2168 1581; x_wconf 85' lang='lat' dir='ltr'><strong>Hic</strong></span> 
     </span>
     <span class='ocr_line' id='line_1_81' title="bbox 1178 1599 2168 1645; baseline -0.008 -7"><span class='ocrx_word' id='word_1_524' title='bbox 1178 1605 1385 1638; x_wconf 89' lang='lat' dir='ltr'><strong>nominatur</strong></span> <span class='ocrx_word' id='word_1_525' title='bbox 1415 1614 1530 1637; x_wconf 89' lang='lat' dir='ltr'><strong>annus</strong></span> <span class='ocrx_word' id='word_1_526' title='bbox 1561 1602 1697 1645; x_wconf 88' lang='lat' dir='ltr'><strong>primus</strong></span> <span class='ocrx_word' id='word_1_527' title='bbox 1725 1599 1829 1645; x_wconf 82' lang='lat' dir='ltr'><strong>Cyri,</strong></span> <span class='ocrx_word' id='word_1_528' title='bbox 1863 1599 1993 1632; x_wconf 89' lang='lat' dir='ltr'><strong>scilicet</strong></span> <span class='ocrx_word' id='word_1_529' title='bbox 2022 1610 2168 1631; x_wconf 86' lang='lat' dir='ltr'><strong>monar-</strong></span> 
     </span>
     <span class='ocr_line' id='line_1_82' title="bbox 1178 1648 2168 1699; baseline -0.008 -10"><span class='ocrx_word' id='word_1_530' title='bbox 1178 1654 1296 1696; x_wconf 89' lang='lat' dir='ltr'><strong>chiae,</strong></span> <span class='ocrx_word' id='word_1_531' title='bbox 1323 1661 1401 1699; x_wconf 89' lang='lat' dir='ltr'><strong>post</strong></span> <span class='ocrx_word' id='word_1_532' title='bbox 1419 1660 1553 1697; x_wconf 88' lang='lat' dir='ltr'><strong>captam</strong></span> <span class='ocrx_word' id='word_1_533' title='bbox 1569 1652 1808 1697; x_wconf 80' lang='lat' dir='ltr'><strong>Babylonem,</strong></span> <span class='ocrx_word' id='word_1_534' title='bbox 1836 1650 1871 1682; x_wconf 91' lang='lat' dir='ltr'><strong>in</strong></span> <span class='ocrx_word' id='word_1_535' title='bbox 1894 1651 1928 1685; x_wconf 77' lang='lat'><strong>2.</strong></span> <span class='ocrx_word' id='word_1_536' title='bbox 1951 1650 2012 1684; x_wconf 90' lang='lat' dir='ltr'><strong>lib.</strong></span> <span class='ocrx_word' id='word_1_537' title='bbox 2033 1648 2168 1682; x_wconf 86' lang='lat' dir='ltr'><strong>Parali-</strong></span> 
     </span>
     <span class='ocr_line' id='line_1_83' title="bbox 1179 1702 1727 1749; baseline -0.002 -12"><span class='ocrx_word' id='word_1_538' title='bbox 1179 1716 1274 1749; x_wconf 85' lang='lat' dir='ltr'><strong>pom.</strong></span> <span class='ocrx_word' id='word_1_539' title='bbox 1290 1710 1323 1737; x_wconf 87' lang='lat' dir='ltr'><strong>et</strong></span> <span class='ocrx_word' id='word_1_540' title='bbox 1341 1705 1456 1747; x_wconf 89' lang='lat' dir='ltr'><strong>primo</strong></span> <span class='ocrx_word' id='word_1_541' title='bbox 1473 1704 1565 1735; x_wconf 90' lang='lat' dir='ltr'><strong>libro</strong></span> <span class='ocrx_word' id='word_1_542' title='bbox 1583 1702 1727 1736; x_wconf 79' lang='lat' dir='ltr'><strong>Esdrae.</strong></span> 
     </span>
    </p>

    <p class='ocr_par' dir='ltr' id='par_1_14' title="bbox 1178 1750 2170 2305">
     <span class='ocr_line' id='line_1_84' title="bbox 1280 1750 2169 1797; baseline -0.006 -10"><span class='ocrx_word' id='word_1_543' title='bbox 1280 1753 1371 1787; x_wconf 89' lang='lat' dir='ltr'><strong>Cum</strong></span> <span class='ocrx_word' id='word_1_544' title='bbox 1401 1760 1518 1787; x_wconf 89' lang='lat' dir='ltr'><strong>autem</strong></span> <span class='ocrx_word' id='word_1_545' title='bbox 1548 1751 1661 1797; x_wconf 88' lang='lat' dir='ltr'><strong>Cyrus</strong></span> <span class='ocrx_word' id='word_1_546' title='bbox 1691 1751 1824 1790; x_wconf 87' lang='lat' dir='ltr'><strong>victor,</strong></span> <span class='ocrx_word' id='word_1_547' title='bbox 1857 1750 2000 1783; x_wconf 82' lang='lat' dir='ltr'><strong>domitis</strong></span> <span class='ocrx_word' id='word_1_548' title='bbox 2030 1750 2169 1783; x_wconf 88' lang='lat' dir='ltr'><strong>duobus</strong></span> 
     </span>
     <span class='ocr_line' id='line_1_85' title="bbox 1178 1800 2169 1851; baseline -0.006 -12"><span class='ocrx_word' id='word_1_549' title='bbox 1178 1804 1376 1851; x_wconf 87' lang='lat' dir='ltr'><strong>praecipuis</strong></span> <span class='ocrx_word' id='word_1_550' title='bbox 1394 1804 1535 1848; x_wconf 85' lang='lat' dir='ltr'><strong>regibus</strong></span> <span class='ocrx_word' id='word_1_551' title='bbox 1553 1800 1676 1836; x_wconf 84' lang='lat' dir='ltr'><strong>Asiam</strong></span> <span class='ocrx_word' id='word_1_552' title='bbox 1699 1808 1850 1842; x_wconf 89' lang='lat' dir='ltr'><strong>teneret,</strong></span> <span class='ocrx_word' id='word_1_553' title='bbox 1878 1800 2050 1845; x_wconf 83' lang='lat' dir='ltr'><strong>sciretque</strong></span> <span class='ocrx_word' id='word_1_554' title='bbox 2068 1812 2169 1844; x_wconf 91' lang='lat' dir='ltr'><strong>saepe</strong></span> 
     </span>
     <span class='ocr_line' id='line_1_86' title="bbox 1180 1851 2170 1901; baseline -0.006 -12"><span class='ocrx_word' id='word_1_555' title='bbox 1180 1863 1298 1900; x_wconf 88' lang='lat' dir='ltr'><strong>gentes</strong></span> <span class='ocrx_word' id='word_1_556' title='bbox 1315 1853 1496 1901; x_wconf 88' lang='lat' dir='ltr'><strong>Scythicas</strong></span> <span class='ocrx_word' id='word_1_557' title='bbox 1514 1855 1552 1886; x_wconf 90' lang='lat' dir='ltr'><strong>in</strong></span> <span class='ocrx_word' id='word_1_558' title='bbox 1569 1851 1690 1886; x_wconf 89' lang='lat' dir='ltr'><strong>Asiam</strong></span> <span class='ocrx_word' id='word_1_559' title='bbox 1710 1852 1842 1885; x_wconf 88' lang='lat' dir='ltr'><strong>infusas</strong></span> <span class='ocrx_word' id='word_1_560' title='bbox 1861 1862 1952 1891; x_wconf 90' lang='lat' dir='ltr'><strong>esse,</strong></span> <span class='ocrx_word' id='word_1_561' title='bbox 1979 1858 2010 1884; x_wconf 91' lang='lat' dir='ltr'><strong>et</strong></span> <span class='ocrx_word' id='word_1_562' title='bbox 2025 1863 2170 1894; x_wconf 88' lang='lat' dir='ltr'><strong>magnas</strong></span> 
     </span>
     <span class='ocr_line' id='line_1_87' title="bbox 1178 1901 2168 1945; baseline -0.007 -5"><span class='ocrx_word' id='word_1_563' title='bbox 1178 1906 1391 1940; x_wconf 88' lang='lat' dir='ltr'><strong>vastationes</strong></span> <span class='ocrx_word' id='word_1_564' title='bbox 1406 1905 1537 1945; x_wconf 80' lang='lat' dir='ltr'><strong>fecisse,</strong></span> <span class='ocrx_word' id='word_1_565' title='bbox 1563 1909 1602 1937; x_wconf 92' lang='lat' dir='ltr'><strong>ut</strong></span> <span class='ocrx_word' id='word_1_566' title='bbox 1613 1901 1696 1936; x_wconf 83' lang='lat' dir='ltr'><strong>Asia</strong></span> <span class='ocrx_word' id='word_1_567' title='bbox 1712 1909 1785 1935; x_wconf 88' lang='lat' dir='ltr'><strong>tuta</strong></span> <span class='ocrx_word' id='word_1_568' title='bbox 1802 1908 1901 1942; x_wconf 89' lang='lat' dir='ltr'><strong>esset,</strong></span> <span class='ocrx_word' id='word_1_569' title='bbox 1926 1901 2058 1935; x_wconf 86' lang='lat' dir='ltr'><strong>bellum</strong></span> <span class='ocrx_word' id='word_1_570' title='bbox 2074 1901 2168 1934; x_wconf 83' lang='lat' dir='ltr'><strong>Mas-</strong></span> 
     </span>
     <span class='ocr_line' id='line_1_88' title="bbox 1179 1951 2165 2001; baseline -0.006 -10"><span class='ocrx_word' id='word_1_571' title='bbox 1179 1956 1322 2001; x_wconf 88' lang='lat' dir='ltr'><strong>sagetis,</strong></span> <span class='ocrx_word' id='word_1_572' title='bbox 1359 1955 1420 2001; x_wconf 90' lang='lat' dir='ltr'><strong>qui</strong></span> <span class='ocrx_word' id='word_1_573' title='bbox 1448 1954 1557 1988; x_wconf 79' lang='lat' dir='ltr'><strong>vicini</strong></span> <span class='ocrx_word' id='word_1_574' title='bbox 1591 1960 1689 1987; x_wconf 90' lang='lat' dir='ltr'><strong>erant</strong></span> <span class='ocrx_word' id='word_1_575' title='bbox 1726 1952 1815 1985; x_wconf 86' lang='lat' dir='ltr'><strong>mari</strong></span> <span class='ocrx_word' id='word_1_576' title='bbox 1848 1951 1995 1995; x_wconf 89' lang='lat' dir='ltr'><strong>Caspio,</strong></span> <span class='ocrx_word' id='word_1_577' title='bbox 2034 1952 2165 1985; x_wconf 87' lang='lat' dir='ltr'><strong>intulit.</strong></span> 
     </span>
     <span class='ocr_line' id='line_1_89' title="bbox 1180 2001 2169 2048; baseline -0.009 -6"><span class='ocrx_word' id='word_1_578' title='bbox 1180 2008 1301 2042; x_wconf 81' lang='lat' dir='ltr'><strong>Fuisse</strong></span> <span class='ocrx_word' id='word_1_579' title='bbox 1319 2014 1434 2041; x_wconf 90' lang='lat' dir='ltr'><strong>autem</strong></span> <span class='ocrx_word' id='word_1_580' title='bbox 1455 2005 1667 2048; x_wconf 80' lang='lat' dir='ltr'><strong>Massagetas</strong></span> <span class='ocrx_word' id='word_1_581' title='bbox 1685 2001 1887 2036; x_wconf 90' lang='lat' dir='ltr'><strong>Gothorum</strong></span> <span class='ocrx_word' id='word_1_582' title='bbox 1908 2002 2050 2045; x_wconf 83' lang='lat' dir='ltr'><strong>stirpem</strong></span> <span class='ocrx_word' id='word_1_583' title='bbox 2065 2029 2074 2041; x_wconf 87' lang='lat'><strong>,</strong></span> <span class='ocrx_word' id='word_1_584' title='bbox 2102 2014 2169 2035; x_wconf 83' lang='lat' dir='ltr'><strong>no-</strong></span> 
     </span>
     <span class='ocr_line' id='line_1_90' title="bbox 1179 2052 2168 2101; baseline -0.006 -9"><span class='ocrx_word' id='word_1_585' title='bbox 1179 2071 1260 2092; x_wconf 89' lang='lat' dir='ltr'><strong>men</strong></span> <span class='ocrx_word' id='word_1_586' title='bbox 1286 2057 1435 2096; x_wconf 86' lang='lat' dir='ltr'><strong>indicat,</strong></span> <span class='ocrx_word' id='word_1_587' title='bbox 1469 2056 1563 2101; x_wconf 92' lang='lat' dir='ltr'><strong>quod</strong></span> <span class='ocrx_word' id='word_1_588' title='bbox 1590 2068 1608 2088; x_wconf 90' lang='lat' dir='ltr'><strong>a</strong></span> <span class='ocrx_word' id='word_1_589' title='bbox 1635 2053 1736 2087; x_wconf 85' lang='lat' dir='ltr'><strong>Getis</strong></span> <span class='ocrx_word' id='word_1_590' title='bbox 1763 2052 1996 2096; x_wconf 88' lang='lat' dir='ltr'><strong>compositum</strong></span> <span class='ocrx_word' id='word_1_591' title='bbox 2032 2059 2100 2091; x_wconf 81' lang='lat' dir='ltr'><strong>est,</strong></span> <span class='ocrx_word' id='word_1_592' title='bbox 2135 2060 2168 2086; x_wconf 86' lang='lat' dir='ltr'><strong>et</strong></span> 
     </span>
     <span class='ocr_line' id='line_1_91' title="bbox 1181 2101 2167 2147; baseline -0.01 -3"><span class='ocrx_word' id='word_1_593' title='bbox 1181 2109 1270 2144; x_wconf 81' lang='lat' dir='ltr'><strong>Mes.</strong></span> <span class='ocrx_word' id='word_1_594' title='bbox 1325 2108 1484 2142; x_wconf 83' lang='lat' dir='ltr'><strong>Fuerunt</strong></span> <span class='ocrx_word' id='word_1_595' title='bbox 1503 2113 1617 2140; x_wconf 90' lang='lat' dir='ltr'><strong>autem</strong></span> <span class='ocrx_word' id='word_1_596' title='bbox 1635 2104 1713 2138; x_wconf 86' lang='lat' dir='ltr'><strong>Mes</strong></span> <span class='ocrx_word' id='word_1_597' title='bbox 1728 2111 1761 2137; x_wconf 90' lang='lat' dir='ltr'><strong>et</strong></span> <span class='ocrx_word' id='word_1_598' title='bbox 1778 2101 1913 2137; x_wconf 82' lang='lat' dir='ltr'><strong>Gether</strong></span> <span class='ocrx_word' id='word_1_599' title='bbox 1930 2103 2057 2147; x_wconf 84' lang='lat' dir='ltr'><strong>posteri</strong></span> <span class='ocrx_word' id='word_1_600' title='bbox 2075 2102 2167 2143; x_wconf 85' lang='lat' dir='ltr'><strong>Sem,</strong></span> 
     </span>
     <span class='ocr_line' id='line_1_92' title="bbox 1183 2154 2169 2194; baseline -0.01 0"><span class='ocrx_word' id='word_1_601' title='bbox 1183 2167 1223 2194; x_wconf 88' lang='lat' dir='ltr'><strong>ut</strong></span> <span class='ocrx_word' id='word_1_602' title='bbox 1239 2160 1387 2194; x_wconf 82' lang='lat' dir='ltr'><strong>Genesis</strong></span> <span class='ocrx_word' id='word_1_603' title='bbox 1408 2165 1564 2193; x_wconf 81' lang='lat' dir='ltr'><strong>testatur.</strong></span> <span class='ocrx_word' id='word_1_604' title='bbox 1617 2154 1674 2189; x_wconf 78' lang='lat' dir='ltr'><strong>Ab</strong></span> <span class='ocrx_word' id='word_1_605' title='bbox 1700 2154 1771 2188; x_wconf 89' lang='lat' dir='ltr'><strong>illis</strong></span> <span class='ocrx_word' id='word_1_606' title='bbox 1790 2154 1898 2187; x_wconf 78' lang='lat' dir='ltr'><strong>Getas</strong></span> <span class='ocrx_word' id='word_1_607' title='bbox 1923 2165 1995 2186; x_wconf 89' lang='lat' dir='ltr'><strong>esse</strong></span> <span class='ocrx_word' id='word_1_608' title='bbox 2018 2165 2169 2186; x_wconf 85' lang='lat' dir='ltr'><strong>consen-</strong></span> 
     </span>
     <span class='ocr_line' id='line_1_93' title="bbox 1181 2203 2167 2248; baseline -0.01 -3"><span class='ocrx_word' id='word_1_609' title='bbox 1181 2219 1322 2246; x_wconf 88' lang='lat' dir='ltr'><strong>taneum</strong></span> <span class='ocrx_word' id='word_1_610' title='bbox 1343 2217 1401 2243; x_wconf 90' lang='lat' dir='ltr'><strong>est.</strong></span> <span class='ocrx_word' id='word_1_611' title='bbox 1435 2208 1483 2243; x_wconf 88' lang='lat' dir='ltr'><strong>Et</strong></span> <span class='ocrx_word' id='word_1_612' title='bbox 1501 2207 1607 2241; x_wconf 87' lang='lat' dir='ltr'><strong>vicini</strong></span> <span class='ocrx_word' id='word_1_613' title='bbox 1626 2207 1662 2239; x_wconf 88' lang='lat' dir='ltr'><strong>in</strong></span> <span class='ocrx_word' id='word_1_614' title='bbox 1679 2206 1737 2239; x_wconf 90' lang='lat' dir='ltr'><strong>illa</strong></span> <span class='ocrx_word' id='word_1_615' title='bbox 1752 2205 1894 2248; x_wconf 85' lang='lat' dir='ltr'><strong>regione</strong></span> <span class='ocrx_word' id='word_1_616' title='bbox 1910 2204 2053 2237; x_wconf 82' lang='lat' dir='ltr'><strong>fuerunt</strong></span> <span class='ocrx_word' id='word_1_617' title='bbox 2071 2203 2167 2237; x_wconf 86' lang='lat' dir='ltr'><strong>Mas-</strong></span> 
     </span>
     <span class='ocr_line' id='line_1_94' title="bbox 1180 2257 1648 2305; baseline -0.013 -9"><span class='ocrx_word' id='word_1_618' title='bbox 1180 2269 1332 2305; x_wconf 79' lang='lat' dir='ltr'><strong>sagetae,</strong></span> <span class='ocrx_word' id='word_1_619' title='bbox 1357 2260 1463 2294; x_wconf 79' lang='lat' dir='ltr'><strong>Snevi</strong></span> <span class='ocrx_word' id='word_1_620' title='bbox 1483 2266 1515 2292; x_wconf 87' lang='lat' dir='ltr'><strong>et</strong></span> <span class='ocrx_word' id='word_1_621' title='bbox 1531 2257 1648 2292; x_wconf 84' lang='lat' dir='ltr'><strong>Alani.</strong></span> 
     </span>
    </p>

    <p class='ocr_par' dir='ltr' id='par_1_15' title="bbox 1181 2304 2167 2657">
     <span class='ocr_line' id='line_1_95' title="bbox 1284 2304 2167 2350; baseline -0.009 -5"><span class='ocrx_word' id='word_1_622' title='bbox 1284 2312 1324 2345; x_wconf 90' lang='lat' dir='ltr'><strong>ln</strong></span> <span class='ocrx_word' id='word_1_623' title='bbox 1344 2309 1409 2344; x_wconf 87' lang='lat' dir='ltr'><strong>hoc</strong></span> <span class='ocrx_word' id='word_1_624' title='bbox 1434 2311 1527 2343; x_wconf 87' lang='lat' dir='ltr'><strong>bello</strong></span> <span class='ocrx_word' id='word_1_625' title='bbox 1546 2310 1628 2342; x_wconf 87' lang='lat' dir='ltr'><strong>dum</strong></span> <span class='ocrx_word' id='word_1_626' title='bbox 1647 2308 1743 2340; x_wconf 88' lang='lat' dir='ltr'><strong>abest</strong></span> <span class='ocrx_word' id='word_1_627' title='bbox 1759 2304 1891 2350; x_wconf 85' lang='lat' dir='ltr'><strong>Cyrus,</strong></span> <span class='ocrx_word' id='word_1_628' title='bbox 1918 2305 2051 2339; x_wconf 83' lang='lat' dir='ltr'><strong>interea</strong></span> <span class='ocrx_word' id='word_1_629' title='bbox 2069 2305 2167 2338; x_wconf 86' lang='lat' dir='ltr'><strong>domi</strong></span> 
     </span>
     <span class='ocr_line' id='line_1_96' title="bbox 1181 2356 2166 2408; baseline -0.009 -12"><span class='ocrx_word' id='word_1_630' title='bbox 1181 2363 1370 2408; x_wconf 82' lang='lat' dir='ltr'><strong>Cambyses</strong></span> <span class='ocrx_word' id='word_1_631' title='bbox 1396 2367 1516 2403; x_wconf 80' lang='lat' dir='ltr'><strong>regnat</strong></span> <span class='ocrx_word' id='word_1_632' title='bbox 1539 2370 1650 2392; x_wconf 87' lang='lat' dir='ltr'><strong>annos</strong></span> <span class='ocrx_word' id='word_1_633' title='bbox 1668 2369 1734 2391; x_wconf 84' lang='lat' dir='ltr'><strong>sex.</strong></span> <span class='ocrx_word' id='word_1_634' title='bbox 1791 2356 1840 2390; x_wconf 86' lang='lat' dir='ltr'><strong>lta</strong></span> <span class='ocrx_word' id='word_1_635' title='bbox 1866 2356 2059 2390; x_wconf 87' lang='lat' dir='ltr'><strong>miscentur</strong></span> <span class='ocrx_word' id='word_1_636' title='bbox 2083 2356 2166 2388; x_wconf 87' lang='lat' dir='ltr'><strong>anui</strong></span> 
     </span>
     <span class='ocr_line' id='line_1_97' title="bbox 1182 2405 2166 2460; baseline -0.014 -12"><span class='ocrx_word' id='word_1_637' title='bbox 1182 2414 1267 2460; x_wconf 91' lang='lat' dir='ltr'><strong>Cyri</strong></span> <span class='ocrx_word' id='word_1_638' title='bbox 1299 2420 1332 2447; x_wconf 91' lang='lat' dir='ltr'><strong>et</strong></span> <span class='ocrx_word' id='word_1_639' title='bbox 1359 2411 1553 2456; x_wconf 78' lang='lat' dir='ltr'><strong>Cambysis.</strong></span> <span class='ocrx_word' id='word_1_640' title='bbox 1604 2407 1649 2443; x_wconf 86' lang='lat' dir='ltr'><strong>Et</strong></span> <span class='ocrx_word' id='word_1_641' title='bbox 1681 2418 1883 2453; x_wconf 86' lang='lat' dir='ltr'><strong>quanquam</strong></span> <span class='ocrx_word' id='word_1_642' title='bbox 1907 2405 2020 2451; x_wconf 82' lang='lat' dir='ltr'><strong>Cyrus</strong></span> <span class='ocrx_word' id='word_1_643' title='bbox 2053 2407 2166 2449; x_wconf 69' lang='lat' dir='ltr'><strong>primo</strong></span> 
     </span>
     <span class='ocr_line' id='line_1_98' title="bbox 1182 2457 2167 2504; baseline -0.011 -6"><span class='ocrx_word' id='word_1_644' title='bbox 1182 2478 1277 2500; x_wconf 84' lang='lat' dir='ltr'><strong>anno</strong></span> <span class='ocrx_word' id='word_1_645' title='bbox 1295 2460 1518 2496; x_wconf 82' lang='lat' dir='ltr'><strong>monarchiae</strong></span> <span class='ocrx_word' id='word_1_646' title='bbox 1538 2467 1613 2504; x_wconf 89' lang='lat' dir='ltr'><strong>post</strong></span> <span class='ocrx_word' id='word_1_647' title='bbox 1628 2466 1762 2503; x_wconf 87' lang='lat' dir='ltr'><strong>captam</strong></span> <span class='ocrx_word' id='word_1_648' title='bbox 1777 2457 1996 2502; x_wconf 82' lang='lat' dir='ltr'><strong>Babylonem</strong></span> <span class='ocrx_word' id='word_1_649' title='bbox 2022 2457 2167 2489; x_wconf 83' lang='lat' dir='ltr'><strong>laetissi-</strong></span> 
     </span>
     <span class='ocr_line' id='line_1_99' title="bbox 1184 2506 2167 2550; baseline -0.011 -2"><span class='ocrx_word' id='word_1_650' title='bbox 1184 2527 1279 2548; x_wconf 87' lang='lat' dir='ltr'><strong>umm</strong></span> <span class='ocrx_word' id='word_1_651' title='bbox 1303 2514 1454 2546; x_wconf 74' lang='lat' dir='ltr'><strong>edictum</strong></span> <span class='ocrx_word' id='word_1_652' title='bbox 1476 2513 1518 2545; x_wconf 86' lang='lat' dir='ltr'><strong>de</strong></span> <span class='ocrx_word' id='word_1_653' title='bbox 1541 2509 1766 2544; x_wconf 88' lang='lat' dir='ltr'><strong>restituendis</strong></span> <span class='ocrx_word' id='word_1_654' title='bbox 1784 2506 1922 2541; x_wconf 86' lang='lat' dir='ltr'><strong>ludaeis</strong></span> <span class='ocrx_word' id='word_1_655' title='bbox 1947 2507 1983 2539; x_wconf 93' lang='lat' dir='ltr'><strong>in</strong></span> <span class='ocrx_word' id='word_1_656' title='bbox 2008 2507 2167 2550; x_wconf 75' lang='lat' dir='ltr'><strong>patriam,</strong></span> 
     </span>
     <span class='ocr_line' id='line_1_100' title="bbox 1184 2557 2165 2604; baseline -0.012 -6"><span class='ocrx_word' id='word_1_657' title='bbox 1184 2573 1216 2599; x_wconf 79' lang='lat' dir='ltr'><strong>et</strong></span> <span class='ocrx_word' id='word_1_658' title='bbox 1234 2567 1276 2597; x_wconf 86' lang='lat' dir='ltr'><strong>de</strong></span> <span class='ocrx_word' id='word_1_659' title='bbox 1294 2563 1546 2597; x_wconf 81' lang='lat' dir='ltr'><strong>instauratione</strong></span> <span class='ocrx_word' id='word_1_660' title='bbox 1565 2561 1686 2604; x_wconf 85' lang='lat' dir='ltr'><strong>templi</strong></span> <span class='ocrx_word' id='word_1_661' title='bbox 1702 2566 1733 2593; x_wconf 89' lang='lat' dir='ltr'><strong>et</strong></span> <span class='ocrx_word' id='word_1_662' title='bbox 1750 2558 1892 2603; x_wconf 89' lang='lat' dir='ltr'><strong>politiae</strong></span> <span class='ocrx_word' id='word_1_663' title='bbox 1913 2557 2072 2591; x_wconf 77' lang='lat' dir='ltr'><strong>Iudaicae</strong></span> <span class='ocrx_word' id='word_1_664' title='bbox 2093 2557 2165 2588; x_wconf 84' lang='lat' dir='ltr'><strong>edi-</strong></span> 
     </span>
     <span class='ocr_line' id='line_1_101' title="bbox 1185 2605 2166 2657; baseline -0.014 -8"><span class='ocrx_word' id='word_1_665' title='bbox 1185 2618 1300 2655; x_wconf 88' lang='lat' dir='ltr'><strong>derat,</strong></span> <span class='ocrx_word' id='word_1_666' title='bbox 1327 2623 1442 2649; x_wconf 89' lang='lat' dir='ltr'><strong>tamen</strong></span> <span class='ocrx_word' id='word_1_667' title='bbox 1462 2620 1578 2657; x_wconf 81' lang='lat' dir='ltr'><strong>postea</strong></span> <span class='ocrx_word' id='word_1_668' title='bbox 1598 2612 1691 2644; x_wconf 75' lang='lat' dir='ltr'><strong>filius</strong></span> <span class='ocrx_word' id='word_1_669' title='bbox 1707 2609 1895 2654; x_wconf 78' lang='lat' dir='ltr'><strong>Cambyses</strong></span> <span class='ocrx_word' id='word_1_670' title='bbox 1915 2605 2095 2651; x_wconf 84' lang='lat' dir='ltr'><strong>probibuit</strong></span> <span class='ocrx_word' id='word_1_671' title='bbox 2113 2618 2166 2638; x_wconf 62' lang='lat' dir='ltr'><strong>re·-</strong></span> 
     </span>
    </p>
   </div>
   <div class='ocr_carea' id='block_1_8' title="bbox 149 2655 2167 2712">
    <p class='ocr_par' dir='ltr' id='par_1_16' title="bbox 149 2655 2167 2712">
     <span class='ocr_line' id='line_1_102' title="bbox 149 2655 2167 2712; baseline -0.007 -11"><span class='ocrx_word' id='word_1_672' title='bbox 149 2678 241 2707; x_wconf 81' lang='lat' dir='ltr'><strong>esse,</strong></span> <span class='ocrx_word' id='word_1_673' title='bbox 268 2673 307 2700; x_wconf 88' lang='lat' dir='ltr'><strong>ut</strong></span> <span class='ocrx_word' id='word_1_674' title='bbox 323 2667 455 2700; x_wconf 88' lang='lat' dir='ltr'><strong>bellum</strong></span> <span class='ocrx_word' id='word_1_675' title='bbox 472 2674 641 2701; x_wconf 87' lang='lat' dir='ltr'><strong>moveret.</strong></span> <span class='ocrx_word' id='word_1_676' title='bbox 693 2666 789 2702; x_wconf 86' lang='lat' dir='ltr'><strong>llaec</strong></span> <span class='ocrx_word' id='word_1_677' title='bbox 805 2679 883 2701; x_wconf 93' lang='lat' dir='ltr'><strong>cum</strong></span> <span class='ocrx_word' id='word_1_678' title='bbox 899 2665 1011 2712; x_wconf 87' lang='lat' dir='ltr'><strong>Cyrus</strong></span> <span class='ocrx_word' id='word_1_679' title='bbox 1030 2668 1132 2701; x_wconf 69' lang='lat' dir='ltr'><strong>audi·</strong></span> <span class='ocrx_word' id='word_1_680' title='bbox 1157 2655 1159 2699; x_wconf 77' lang='lat' dir='ltr'><strong>l</strong></span> <span class='ocrx_word' id='word_1_681' title='bbox 1185 2667 1320 2704; x_wconf 88' lang='lat' dir='ltr'><strong>ditum,</strong></span> <span class='ocrx_word' id='word_1_682' title='bbox 1358 2666 1437 2711; x_wconf 86' lang='lat' dir='ltr'><strong>quia</strong></span> <span class='ocrx_word' id='word_1_683' title='bbox 1464 2664 1596 2698; x_wconf 88' lang='lat' dir='ltr'><strong>bellum</strong></span> <span class='ocrx_word' id='word_1_684' title='bbox 1622 2663 1783 2695; x_wconf 85' lang='lat' dir='ltr'><strong>illaturus</strong></span> <span class='ocrx_word' id='word_1_685' title='bbox 1806 2666 1877 2693; x_wconf 84' lang='lat' dir='ltr'><strong>erat</strong></span> <span class='ocrx_word' id='word_1_686' title='bbox 1903 2657 2099 2702; x_wconf 78' lang='lat' dir='ltr'><strong>Aegyptiis,</strong></span> <span class='ocrx_word' id='word_1_687' title='bbox 2134 2664 2167 2689; x_wconf 82' lang='lat' dir='ltr'><strong>et</strong></span> 
     </span>
    </p>
   </div>
   <div class='ocr_carea' id='block_1_9' title="bbox 1533 2709 1614 2747">
    <p class='ocr_par' dir='ltr' id='par_1_17' title="bbox 1533 2709 1614 2747">
     <span class='ocr_line' id='line_1_103' title="bbox 1533 2709 1614 2747; baseline -0.012 0"><span class='ocrx_word' id='word_1_688' title='bbox 1533 2712 1580 2747; x_wconf 85' lang='lat'><strong>50</strong></span> <span class='ocrx_word' id='word_1_689' title='bbox 1596 2709 1614 2727; x_wconf 58' lang='lat'><strong>⁴*</strong></span> 
     </span>
    </p>
   </div>
  </div>
 </body>
</html>
