2324 2955
190 128 264 166 495

192 216 307 251 cultus
321 212 407 252 Dei,
434 217 467 244 et
488 219 541 242 res
565 205 778 240 necessariae
801 204 846 239 ad
869 205 1037 248 salutem,
1063 212 1099 240 et
1121 217 1178 239 re-

193 266 394 300 missionem
413 265 647 304 peccatorum.

297 316 330 348 7.
365 311 433 344 Sed
450 309 658 355 praecipuus
673 317 757 341 usus
774 314 808 341 et
824 307 971 341 ultimus
987 305 1067 340 finis
1082 318 1175 340 cere-

193 363 390 398 moniarum
408 372 479 394 esse
503 360 607 393 debet
630 358 677 399 is,
715 370 819 403 quem
838 358 879 393 D.
895 357 1026 391 Paulus
1047 357 1178 390 consti-

192 415 278 455 tuit,
303 412 486 451 videlicet,
512 417 552 444 ut
578 409 645 443 rite
666 416 699 443 et
725 409 851 443 ordine
870 414 1037 453 gerantur
1059 407 1178 441 omnia

193 466 229 497 in
245 463 386 508 publico
405 461 581 496 Ecclesiae
599 466 712 495 coetu.

293 521 328 556 8.
369 519 450 553 Non
472 520 586 553 solum
611 525 726 552 autem
747 516 832 550 tales
849 515 1067 549 ceremoniae
1084 521 1179 549 extra

191 583 308 607 casum
326 571 480 604 scandali
505 569 620 603 omitti
640 574 804 613 possunt,
829 567 890 600 sed
907 566 1012 600 etiam
1030 577 1119 611 quae
1141 566 1179 599 in

194 624 268 666 lege
288 621 379 655 Mosi
397 620 569 654 divinitus
589 619 770 653 institutae
786 623 898 652 erant.

295 680 329 714 9.
370 680 492 725 Neque
512 683 744 723 peccaverunt
767 674 930 721 Apostoli
956 674 1125 708 vellentes
1147 679 1181 707 et

193 737 413 766 conterentes
430 731 541 774 spicas
560 730 596 761 in
613 728 787 768 sabbato,
813 738 927 771 neque
940 723 1056 759 David
1075 726 1182 758 edens

194 793 301 827 panes
318 781 585 826 propositionis,
612 779 741 824 quibus
757 784 895 812 tantum
914 776 1039 810 licebat
1056 774 1182 810 Sacer-

195 833 338 867 dotibus
358 831 461 866 vesci.

300 891 358 925 10.
392 888 467 923 Oza
485 901 567 922 vero
588 889 694 922 iustas
718 899 800 921 suae
823 884 1028 921 temeritatis
1051 894 1181 929 poenas

197 942 313 982 dedit,
341 942 435 986 quod
456 952 570 973 arcam
588 939 654 973 Dei
669 943 888 979 attrectaret,
914 936 1014 970 cuius
1029 947 1112 970 cura
1125 946 1183 968 so-

196 993 239 1026 lis
255 991 389 1026 Levitis
406 991 576 1024 diviniius
594 989 777 1023 commissa
794 994 878 1022 erat.

297 1051 352 1084 11.
387 1048 571 1083 Caeterum
593 1047 785 1081 iurisdictio
801 1045 952 1079 clavium
970 1045 1086 1078 verbis
1103 1051 1183 1078 tan-
1207 1065 1208 1068 =

194 1109 269 1136 tum
285 1106 483 1139 exercetur,
509 1099 583 1131 sine
601 1097 717 1140 gladio
735 1103 768 1129 et
786 1095 819 1127 vi
837 1095 1024 1139 corporali.

300 1160 355 1194 12.
388 1157 587 1191 Prudenter
607 1156 713 1199 igitur
734 1154 847 1187 officia
875 1154 1058 1199 utriusque
1083 1158 1184 1196 pote·
1207 1163 1209 1186 ,·

194 1210 292 1244 statis
316 1208 428 1242 civilis
459 1214 491 1240 et
521 1205 770 1240 ecclesiasticae
794 1205 1057 1245 discernantur,

193 1262 288 1295 enim
309 1261 409 1301 longe
427 1257 673 1290 diversissima.

300 1320 357 1352 13.
392 1316 485 1349 Hinc
502 1316 584 1349 satis
602 1315 730 1359 liquet,
759 1325 875 1346 errare
894 1311 1093 1356 pontificem
1106 1309 1184 1344 Ro-

194 1380 356 1408 manum,
385 1367 445 1412 qui
473 1365 540 1398 sibi
566 1371 745 1409 utrunque
770 1363 926 1407 gladium
948 1363 985 1395 in
1009 1367 1183 1406 utranque
1207 1383 1210 1394 .

196 1425 401 1466 potestatem
422 1416 591 1450 vendicat.

1100 1208 1209 1241 sunt}

197 1536 416 1583 (XXXIV.)
458 1536 568 1570 Alia
602 1533 898 1578 disputatio:
943 1530 989 1565 de
1022 1527 1183 1575 synodis

197 1590 292 1637 quod
307 1589 466 1635 cognitio
486 1586 532 1620 de
547 1585 719 1620 doctrina
735 1585 923 1628 pertineat
947 1581 998 1616 ad
1021 1582 1183 1616 delectos

219 1644 300 1686 pios
326 1644 363 1674 et
383 1638 525 1680 doctos,
552 1641 631 1671 tum
648 1634 893 1677 Sacerdotes,
916 1637 998 1668 tum
1014 1633 1158 1667 Laicos.

196 1715 438 1757 W⁷erissimum
455 1727 515 1760 est,
541 1726 571 1753 et
586 1725 712 1752 natura
730 1715 917 1751 hominum
934 1716 1085 1749 maxime
1101 1727 1184 1748 con-

198 1781 422 1813 sentaneum,
450 1772 542 1816 quod
555 1770 654 1804 Plato
671 1770 732 1803 ait:
761 1766 950 1812 Optimum
968 1773 1095 1801 statum
1113 1777 1184 1799 esse

198 1823 430 1869 Reipublicae
447 1822 568 1862 illum,
596 1821 656 1866 qui
677 1819 816 1853 medius
840 1825 891 1852 est
914 1818 1006 1851 inter
1024 1816 1185 1863 tyranni-

201 1877 280 1909 dem
297 1880 332 1907 et
347 1872 608 1906 democratiam.

301 1926 336 1959 2.
370 1923 439 1956 Hic
456 1923 562 1965 igitur
585 1927 711 1961 status,
738 1926 771 1953 et
794 1919 998 1953 efficiendus
1022 1924 1055 1952 et
1082 1925 1185 1952 tuen-

199 1977 265 2010 dus
283 1982 350 2015 est,
376 1986 454 2007 cum
474 1974 511 2006 in
528 1984 633 2005 omne
656 1970 927 2015 gubernatione,
954 1976 1028 2003 turn
1051 1969 1186 2014 praeci-

202 2039 270 2071 pue
290 2026 326 2058 in
343 2023 507 2058 Ecclesia.

302 2076 337 2111 5.
374 2073 556 2119 Utranque
574 2073 670 2106 velut
696 2072 888 2106 teterrimas
909 2078 1038 2115 pestes,
1066 2078 1186 2116 tyran-

202 2127 321 2161 nidem
347 2133 381 2160 et
406 2124 674 2163 democratiam,
701 2123 819 2167 fugere
847 2129 880 2156 et
906 2122 1057 2156 execrari
1079 2123 1188 2156 debe-

203 2189 280 2211 mus
297 2177 333 2210 in
348 2175 514 2210 Ecclesia.

304 2227 339 2262 4.
369 2226 548 2272 Tyrannis
564 2233 614 2259 est
631 2225 666 2258 in
678 2223 849 2264 Ecclesia,
877 2234 997 2267 cogere
1015 2221 1188 2264 homines,

203 2285 243 2312 ut
260 2277 477 2310 manifestam
503 2277 716 2321 impietatem
738 2275 954 2319 approbent,
988 2281 1027 2308 ut
1052 2275 1184 2308 obtem-

204 2335 326 2372 perent
341 2334 459 2361 contra
477 2328 699 2361 manifestum
718 2326 863 2359 verbum
882 2323 960 2359 Dei.

307 2375 340 2410 5.
378 2377 669 2422 Sicutllarpagus
684 2377 822 2411 dicebat
838 2376 878 2409 ad
891 2374 1102 2421 Cambysen,
1127 2376 1188 2420 qui
1212 2403 1214 2406 .

207 2428 274 2472 ipsi
293 2428 403 2460 filium
427 2430 680 2462 comedendum
708 2428 869 2461 dederat:
897 2425 1083 2471 Quidquid
1107 2426 1189 2459 facit

206 2478 302 2518 Rex,
329 2476 394 2510 hoc
411 2476 498 2510 mihi
516 2479 638 2522 placet.
690 2478 741 2512 lta
758 2489 818 2512 seu
839 2474 1023 2518 monachi,
1050 2488 1109 2510 seu
1128 2477 1189 2509 alii

206 2528 348 2574 tyranni
374 2529 536 2571 expedire
562 2530 735 2569 iudicant,
770 2536 808 2563 ut
826 2528 1010 2561 assuefiant
1029 2525 1188 2560 homines

206 2587 246 2614 ut
263 2580 411 2612 adorent
426 2579 543 2611 omnia
561 2579 782 2622 superiorum
802 2578 936 2612 somnia
963 2590 1083 2611 omnes
1105 2576 1189 2611 hor-

955 116 1443 156 DISPUTATIONES

1208 1574 1433 1626 ¹quaerenda
1469 1578 1514 1611 sit
1550 1578 1759 1613 moderatio.

207 2630 328 2663 ribiles
353 2629 552 2669 idolatrias,
592 2641 634 2661 ne
666 2630 830 2664 videlicet
858 2629 913 2662 vel
944 2629 1099 2673 potentia
1134 2626 1215 2662 vel'

206 2680 444 2726 tranquillitas
463 2686 642 2723 potentum
658 2680 776 2713 veniat
793 2681 828 2713 in
844 2679 1048 2725 periculum.

2133 123 2209 160 496

1331 203 1365 239 6.
1399 201 1538 238 Rursus
1557 205 1601 239 ab
1619 203 1775 240 Ecclesia
1803 205 1907 241 etiam
1930 207 2048 242 abesse
2071 215 2210 253 oportet

1228 253 1477 288 democratiam
1488 281 1498 295 ,
1523 253 1590 288 hoc
1605 263 1673 298 est,
1699 269 1772 290 non
1790 263 1841 291 est
1857 259 2080 292 concedenda
2094 260 2212 302 vulgo,

1229 306 1303 339 sine
1322 305 1479 346 delectu,
1503 305 1643 339 licentia
1669 308 1835 341 omnibus
1859 308 2026 341 movendi
2050 309 2212 352 dogmata

1204 385 1205 405 ἒ
1229 363 1290 389 aut
1306 355 1567 399 pronunciandi
1584 357 1627 388 de
1644 356 1878 399 dogmatibus.
1920 357 2009 392 Nam
2027 365 2060 392 et
2077 359 2214 403 vulgus,

1204 407 1206 438 ζ
1229 413 1268 440 ut
1285 405 1488 439 Herodotus
1507 405 1640 450 inquit,
1666 407 1887 441 saevissimus
1903 415 2074 454 tyrannus
2093 416 2153 444 est.

1331 455 1366 492 7.
1398 455 1467 490 Sed
1484 456 1620 490 medius
1636 463 1746 490 status
1762 463 1812 491 est
1828 460 2060 502 quaerenduS,
2086 466 2120 493 et
2134 459 2214 504 qui-

1230 507 1310 541 dem
1336 513 1375 540 ut
1399 505 1500 540 Plato
1523 506 1591 548 ait,
1633 507 1862 551 proportione
1886 510 2112 551 geometrica,
2148 508 2214 543 hoc

1232 564 1298 591 est:
1327 555 1558 591 Aristocratia
1575 558 1819 591 constituenda
1839 565 1901 598 est,
1929 558 1966 590 in
1982 571 2049 603 qua
2064 564 2214 604 propo}-

1231 609 1337 649 tione‚
1365 607 1512 642 maxima
1526 607 1570 642 sit
1586 608 1755 643 autoritas
1773 608 2056 643 doctissimorum
2074 617 2106 644 et
2122 610 2215 655 opti-

1231 670 1382 693 morum.

1334 716 1368 752 8.
1408 715 1510 750 Hanc
1537 713 1807 751 Aristocratiam
1833 725 1866 753 et
1888 717 2020 752 Paulus
2051 717 2216 763 requirit:

1233 767 1339 811 Quod
1357 768 1385 801 si
1400 767 1501 801 alteri
1516 768 1707 801 revelatum
1726 768 1852 810 fuerit,
1877 769 1976 814 prior
1996 775 2119 805 taceat.
2170 767 2217 803 Et

1233 818 1364 854 Paulus
1379 815 1606 861 reprehendit
1623 817 1777 852 Petrum.

1333 869 1368 905 9.
1403 867 1449 902 Et
1473 869 1677 912 gravissime
1700 869 1867 913 scriptum
1892 875 1941 902 est
1965 869 2008 903 ad
2025 867 2218 911 Romanos,

1233 926 1272 954 ut
1288 919 1531 965 unusquisque
1548 919 1643 952 norit
1662 920 1809 953 modum
1827 930 1909 953 suae
1925 919 2018 955 fidei.

1338 970 1394 1004 10.
1429 968 1512 1002 Ideo
1531 969 1714 1015 tyrannica
1741 970 1803 1002 illa
1829 982 1896 1002 vox
1923 969 2142 1013 explodenda
2159 975 2220 1009 est,

1233 1032 1321 1065 quae
1340 1020 1433 1054 tollit
1451 1018 1541 1053 hanc
1559 1020 1824 1063 proportionem
1844 1020 1881 1052 in
1899 1019 2074 1059 Ecclesia,
2099 1025 2133 1053 et
2155 1018 2221 1052 tri-

1233 1071 1309 1103 buit
1320 1069 1482 1103 Pontifici
1499 1070 1672 1103 infinitam
1689 1070 1926 1115 tyrannidem,
1953 1069 2115 1103 videlicet
2131 1080 2220 1114 quae

1233 1126 1405 1153 asseverat
1423 1119 1592 1151 maiorem
1619 1130 1691 1152 esse
1716 1120 1939 1153 autoritatem
1955 1119 2088 1164 Papae,
2115 1131 2220 1165 quam

1207 1196 1209 1208 ι
1233 1170 1361 1215 reliqui
1379 1169 1486 1203 totius
1501 1168 1656 1205 concilii.

1338 1228 1394 1262 11.
1422 1226 1474 1260 De
1489 1227 1626 1272 synodo
1644 1227 1764 1272 quaeri
1784 1235 1929 1271 possunt
1948 1225 2031 1262 haec
2047 1227 2218 1273 quinque:

1207 1311 1209 1317 ,
1235 1277 1325 1321 Quis
1352 1276 1458 1310 habet
1484 1278 1537 1310 ius
1562 1278 1780 1310 convocandi
1807 1279 2008 1323 synodum?
2061 1277 2134 1320 Qui
2159 1279 2221 1311 de—

1234 1329 1342 1362 beant
1358 1339 1431 1361 esse
1448 1327 1605 1360 iudices?
1638 1327 1727 1370 Quis
1743 1328 1832 1360 ordo
1850 1327 2087 1370 cognitionis?
2122 1326 2223 1371 Quo-

1207 1402 1209 1412 ,
1234 1379 1342 1412 modo
1361 1390 1401 1411 ex
1418 1378 1525 1411 verbo
1543 1376 1608 1411 Dei
1623 1377 1668 1411 sit
1685 1378 2020 1422 pronunciandum?
2069 1376 2116 1412 Et
2135 1389 2222 1423 qua-

1234 1436 1336 1463 tenus
1360 1429 1432 1462 sint
1455 1428 1669 1462 consulenda
1695 1428 1825 1461 iudicia
1853 1435 2003 1472 patrum.
2059 1427 2164 1470 Quod
2183 1428 2221 1461 in

1233 1479 1460 1522 dogmatibus
1495 1478 1623 1511 veritas
1654 1478 1758 1521 plane
1788 1485 1821 1511 et
1851 1478 2059 1521 simpliciter
2091 1477 2221 1521 patefa-

1234 1530 1356 1564 cienda
1386 1529 1450 1569 sit,
1490 1529 1550 1561 sed
1575 1527 1613 1560 in
1636 1527 1764 1561 ritibus
1786 1534 1818 1562 et
1842 1528 1966 1571 politia
1991 1527 2221 1561 ecclesiastica

1818 1577 2070 1620 Quaerendum
2106 1578 2222 1619 etiam,

1235 1642 1322 1677 quae
1336 1631 1496 1673 dogmata
1516 1629 1698 1672 probanda
1715 1640 1753 1661 ac
1769 1629 1994 1661 defendenda
2014 1629 2108 1663 siut?

1338 1688 1396 1723 12.
1430 1687 1513 1720 Non
1531 1693 1665 1720 tantum
1676 1686 1882 1727 Pontifices,
1908 1688 1966 1720 sed
1985 1687 2090 1720 etiam
2106 1685 2222 1730 Impe-

1234 1745 1366 1772 ratores
1389 1738 1465 1771 iure
1489 1743 1730 1770 convocarunt
1756 1738 1929 1782 synodos,
1958 1736 2222 1778 Constantinus,

1235 1786 1477 1828 Theodosius,
1503 1793 1536 1820 et
1553 1786 1624 1819 alii.

1338 1848 1396 1881 13.
1430 1846 1471 1880 ln
1496 1844 1692 1888 deligendis
1715 1844 1891 1878 iudicibus
1917 1845 2149 1881 rectissimum
2173 1855 2223 1881 est

1236 1898 1334 1944 sequi
1359 1897 1515 1931 medium
1539 1896 1646 1936 illud,
1674 1896 1768 1940 quod
1795 1895 1966 1937 diximus,
1993 1896 2089 1930 inter
2106 1905 2224 1942 tyran-

1236 1950 1354 1983 nidem
1381 1955 1414 1982 et
1439 1946 1711 1988 democratiam,
1745 1946 1929 1988 videlicet,
1960 1953 2000 1981 ut
2026 1947 2223 1992 deligantur

1236 1999 1361 2046 optimi
1378 2006 1409 2033 et
1423 1997 1627 2033 doctissimi.

1342 2057 1400 2094 14.
1435 2057 1506 2092 Nec
1524 2063 1659 2090 tantum
1672 2055 1896 2095 Sacerdotes,
1924 2057 1982 2090 sed
2000 2057 2103 2092 etiam
2114 2055 2223 2093 Laici.

1237 2109 1327 2144 Nam
1351 2121 1429 2142 cum
1453 2109 1501 2142 ait
1517 2105 1696 2141 Christus:
1731 2106 1797 2140 Dic
1820 2105 2015 2149 Ecclesiae,
2048 2119 2222 2141 summum

1238 2161 1409 2195 iudicium
1425 2159 1538 2193 voluit
1557 2169 1629 2191 esse
1644 2169 1716 2191 non
1733 2164 1869 2192 tantum
1879 2155 2146 2203 Episcoporum‚
2162 2159 2221 2192 sed

1237 2212 1422 2247 universae
1437 2208 1624 2245 Ecclesiae.

1343 2268 1400 2306 15.
1438 2268 1600 2302 Interfuit
1619 2266 1685 2311 ipsi
1709 2265 1939 2311 disputationi
1956 2264 2223 2307 Constantinus,

1238 2321 1274 2356 in
1292 2321 1408 2354 medio
1434 2320 1573 2357 sedens,
1601 2324 1635 2351 et
1658 2319 1799 2363 quidem
1825 2315 1890 2350 hoe
1917 2316 1983 2349 sibi
2009 2317 2104 2350 laudi
2129 2318 2223 2360 duci,

1239 2373 1421 2418 inquiens:
1460 2367 1523 2404 καὶ
1553 2366 1664 2407 αὐτὸς
1696 2365 1735 2403 δὲ
1766 2363 1938 2412 καθάπερ
1971 2365 2020 2405 εἷς
2053 2367 2090 2406 ἐξ
2116 2365 2222 2412 ὑμῶν

1238 2419 1438 2471 τυγχάνων
1461 2417 1669 2466 συμπαρών
1694 2416 1737 2452 οὐ
1759 2415 1833 2464 γὰρ
1851 2415 2086 2463 ἀρνησαίμην
2104 2416 2152 2452 ἄν
2167 2417 2220 2464 ἐφ’

1240 2469 1270 2520 ᾧ
1284 2471 1443 2518 μάλιστα
1455 2469 1590 2521 χαζρω,
1614 2466 1864 2513 συνθεράπων
1881 2466 2052 2513 ὑμέτερος
2066 2468 2222 2514 πεφυκέ-

1213 2529 1214 2532 ’
1238 2538 1321 2568 ναι,
1349 2523 1453 2568 ἄχρις
1475 2522 1520 2556 οὑ
1544 2519 1689 2555 ἅπαντα
1713 2520 1776 2562 τῆς
1798 2516 2053 2564 προσηκούσης
2070 2531 2222 2564 τετυχη-

1213 2603 1215 2612 .
1239 2588 1302 2610 κεν
1319 2571 1522 2614 ἐξετάσεως.

1576 2568 1611 2603 O
1629 2569 1774 2612 dignum
1794 2569 1895 2602 laude
1914 2569 2131 2612 Principem,
2162 2570 2222 2614 qui

1239 2626 1407 2660 iudicavit
1424 2623 1477 2657 sui
1496 2620 1602 2655 officii
1625 2631 1713 2659 esse,
1742 2626 1781 2653 ut
1806 2619 1878 2663 ipse
1902 2620 2081 2654 interesset
2105 2620 2224 2664 cogni-

1240 2677 1328 2710 tioni
1339 2701 1347 2715 ,
1375 2682 1408 2709 et
1423 2685 1501 2707 cum
1517 2671 1628 2706 doctis
1646 2671 1829 2706 conferret.
