2324 2955
186 118 259 154 359

195 210 346 236 extrema
370 205 502 233 senecta
528 205 682 238 egressus
706 192 998 237 septuagesimum
1021 204 1168 235 annum,

194 265 274 287 cum
292 263 379 290 sese,
403 246 593 281 Ecclesiam
610 251 644 278 et
662 244 832 277 familiam
860 243 1017 288 quotidie
1040 244 1169 277 arden-

196 301 341 337 tissimis
365 297 524 341 precibus
545 295 616 328 filio
644 294 709 328 Dei
739 295 1018 327 commendaret:
1053 299 1171 327 tamen

197 364 275 386 cum
298 350 388 383 vires
416 346 572 390 corporis
594 351 704 379 aetate
726 344 836 387 magis
851 356 956 389 quam
971 344 1095 377 morbo
1110 345 1173 377 de·

197 401 372 438 fecissent,
405 397 542 441 placide
570 395 727 430 decessit.
777 394 850 427 Nec
875 393 1076 428 dubitamus
1093 406 1173 428 eum

197 452 286 483 inter
303 447 367 482 hos
383 459 474 485 esse,
502 447 544 480 de
560 446 688 491 quibus
711 444 846 478 dictum
863 451 929 479 est:
956 444 1056 478 Beati
1079 453 1175 478 mor-

197 500 266 540 tui,
296 499 357 543 qui
374 498 411 530 in
429 496 583 531 Domino
601 496 816 529 moriuntur.

299 549 395 582 llaec
427 549 470 581 de
495 547 655 581 Pontano
686 546 828 579 brevius
862 552 896 579 et
927 545 1067 579 tenuius
1092 544 1176 585 dixi,

200 611 304 644 quam
327 599 498 633 virtutum
522 598 632 641 ipsius
656 597 761 630 decus
782 602 950 629 meretur:
975 596 1034 629 sed
1059 595 1175 628 iudico

199 651 286 684 utile
311 661 382 682 esse
406 648 580 682 iuventuti
613 645 776 680 honestas
812 646 980 688 imagines
1008 645 1178 690 plurimas

200 700 352 740 intueri,
379 706 412 732 et
434 699 628 742 plerunque
655 696 821 731 historiae
844 697 1036 730 multarum
1058 707 1177 729 rerum

200 750 395 784 doctrinam
418 749 608 781 continent.

302 797 483 832 Adhortor
506 805 620 831 autem
648 798 820 837 iuniores,
848 804 886 831 ut
911 809 988 830 cum
1013 797 1097 830 tales
1121 794 1178 828 hi-

201 850 323 884 storias
342 849 462 891 legunt
479 849 532 881 vel
549 848 718 888 audiunt,
747 848 897 890 cogitent
915 848 1026 880 filium
1044 846 1110 880 Dei
1124 858 1178 879 se-

202 901 284 933 dere
299 900 343 932 ad
358 899 513 932 dextram
538 898 664 941 patris,
691 904 724 931 et
748 899 830 931 dare
854 899 948 931 dona
961 895 1179 937 hominibus,

203 957 235 983 et
251 949 377 992 gratias
392 948 423 981 ei
441 955 562 991 agant,
589 949 682 992 quod
698 948 834 993 aliquos
854 949 913 981 dat
931 948 1097 981 salutares
1114 958 1178 989 gu-

202 1000 423 1039 bernatores,
449 1005 481 1031 et
504 1005 623 1042 petant
651 1010 684 1030 se
711 1010 849 1042 quoque
867 1009 996 1041 organa
1012 997 1179 1030 salutaria

203 1062 221 1083 a
240 1050 310 1081 filio
328 1049 394 1082 Dei
409 1048 502 1087 fieri,
527 1059 631 1092 seque
650 1049 834 1091 praebeant
857 1048 1003 1090 remiges
1019 1048 1097 1080 Deo
1114 1059 1179 1089 gu-

202 1099 366 1133 bernanti
389 1110 461 1131 non
486 1099 646 1141 ignavos,
679 1110 717 1131 ac
739 1097 899 1131 doctrina
927 1109 962 1130 se
992 1097 1180 1136 instruant,

204 1156 237 1182 et
257 1150 300 1182 ad
317 1146 481 1181 honestos
498 1159 579 1181 usus
597 1154 815 1192 praeparent.
861 1147 1050 1192 Sciantque
1065 1145 1180 1180 Deum

204 1199 294 1232 velle
317 1195 382 1231 hac
406 1198 586 1241 diligentia
620 1199 699 1233 coli.
752 1197 799 1231 Et
828 1204 1033 1231 execrentur
1065 1197 1180 1229 mani-

205 1246 290 1282 chea
316 1255 348 1281 et
370 1248 581 1281 antinomica
606 1249 833 1282 deliramenta
856 1248 1016 1288 illorum,
1043 1247 1104 1291 qui
1119 1259 1181 1279 vo-

205 1298 410 1331 ciferantur:
437 1297 537 1330 Bona
555 1310 659 1340 opera
678 1309 750 1330 non
769 1309 840 1330 esse
857 1297 1050 1330 necessaria
1062 1319 1071 1333 ,
1101 1308 1180 1328 cum

207 1347 348 1392 quidem
379 1353 474 1380 tanta
501 1347 544 1379 sit
572 1358 691 1379 eorum
720 1346 891 1385 amentia,
931 1352 972 1379 ut
995 1345 1081 1389 quid
1112 1345 1182 1378 sint

205 1399 298 1431 bona
314 1408 418 1441 opera
435 1403 468 1430 et
485 1396 592 1434 mala,
618 1408 690 1429 non
707 1395 916 1439 intelligant.
968 1393 1045 1428 Oro
1066 1401 1182 1428 autem

207 1447 318 1482 filium
332 1446 417 1485 Dei,
443 1453 481 1481 ut
496 1457 560 1479 nos
575 1447 745 1489 gubernet
760 1452 793 1479 et
817 1452 985 1489 protegat.
1037 1444 1130 1479 Dixi.

529 1563 876 1596 Praesentatio.

311 1652 510 1686 Clarissime
545 1651 588 1686 D.
621 1649 774 1690 Doctor,
821 1656 853 1683 et
882 1648 1186 1688 Ykecancessarie,

211 1703 418 1747 Praeceptor
440 1702 673 1735 observande:
702 1700 839 1733 Veritas
857 1699 930 1743 ipsa
946 1700 1011 1732 sibi
1028 1699 1186 1732 testimo-

210 1754 309 1786 nium
329 1753 454 1787 tribuit
471 1752 612 1796 ubique,
635 1749 929 1795 inquitGalenus.
982 1749 1061 1782 ‘Non
1079 1749 1187 1791 igitur

212 1804 248 1835 in
266 1803 458 1847 praesentia
476 1803 578 1844 longa
598 1801 932 1833 commemoratione
956 1807 1056 1839 utar,
1091 1800 1186 1843 quod

212 1854 248 1885 in
267 1854 371 1886 rebus
385 1852 557 1894 ambiguis
575 1858 606 1884 et
626 1851 752 1893 ignotis
770 1851 844 1882 fieri
861 1851 958 1884 solet.
986 1848 1075 1882 Nota
1093 1849 1185 1881 enim

212 1910 261 1936 est
278 1901 383 1936 buius
400 1903 501 1936 amici
520 1902 630 1934 nostri
642 1899 845 1944 MCaspari
862 1899 1007 1933 Peuceri
1024 1899 1184 1933 doctrina

211 1965 284 1986 non
299 1951 381 1986 huic
400 1959 535 1986 tantum
553 1951 780 1988 Academiae,
809 1951 866 1983 sed
889 1950 953 1984 toti
973 1949 1186 1982 Germaniae

212 2010 245 2036 et
269 2003 392 2036 exteris
417 2014 556 2047 quoque
579 2001 793 2036 nationibus.
860 1999 1004 2033 Morum
1037 2011 1119 2033 vero
1153 2006 1186 2033 et

213 2053 303 2087 vitae
320 2051 484 2086 honestas
500 2052 664 2085 omnibus
687 2051 791 2084 nobis
814 2051 1014 2090 notissima,
1041 2051 1083 2083 de
1107 2050 1188 2095 qui-

213 2104 277 2137 bus
295 2104 387 2148 quod
404 2100 471 2136 hoc
487 2102 523 2134 iu
544 2102 620 2134 loco
638 2101 800 2145 pauciora
816 2101 914 2140 dico,
948 2101 983 2133 id
1000 2100 1087 2133 facio
1103 2113 1188 2144 pro-

213 2160 289 2196 pter
307 2153 416 2197 ipsius
429 2152 632 2186 modestiam
649 2158 682 2184 et
700 2151 954 2186 verecundiam.
987 2150 1076 2183 Nam
1093 2152 1188 2196 quod

215 2204 256 2235 dc
267 2202 480 2245 Amphiarao
491 2199 684 2247 Aeschylus
696 2201 802 2235 dixit:
830 2199 873 2235 οὐ
890 2199 1014 2235 δοκεῖν
1028 2200 1188 2246 ἄριστος,

217 2251 287 2285 ἀλλ’
317 2251 406 2287 simu
431 2252 547 2293 θέλει,
591 2265 629 2285 eo
657 2252 775 2285 animo
801 2258 833 2285 et
862 2252 975 2295 ipsum
1010 2263 1081 2284 esse
1106 2253 1187 2290 scio,

216 2303 349 2336 mavult
365 2314 434 2335 esse
450 2304 579 2343 bonus,
606 2314 703 2346 mage
719 2314 824 2347 quam
842 2303 955 2335 bonus
970 2312 1042 2335 esse
1060 2302 1184 2337 videri.

313 2352 536 2386 Intercedunt
560 2360 676 2387 autem
699 2359 732 2386 et
754 2353 841 2385 aliae
864 2352 1085 2395 gravissimae
1107 2364 1189 2387 cau-

216 2414 283 2443 sae,
310 2409 412 2447 atque
427 2403 643 2436 necessitudo
660 2410 768 2443 vetus,
791 2410 829 2436 ut
845 2403 959 2447 ipsum
978 2414 1188 2447 quocunque

217 2460 371 2496 tempore
394 2453 512 2485 iuvare
535 2460 568 2486 et
593 2466 717 2486 ornare
741 2454 945 2493 debeamus,
971 2454 1064 2498 quod
1091 2460 1128 2486 ut
1144 2454 1188 2485 li-

215 2503 352 2536 bentius
367 2502 549 2542 faciamus,
573 2504 675 2536 etiam
693 2505 800 2547 pietas
826 2516 904 2547 erga
931 2510 1186 2548 praeceptorem

215 2565 278 2586 nos
311 2551 527 2586 adhortatur.
587 2553 733 2587 Gaudeo
766 2555 873 2597 igitur
905 2554 1064 2598 praeberi
1098 2552 1187 2586 mihi

214 2604 491 2648 qualemcunque
508 2603 722 2636 occasionem
749 2605 977 2638 declarandae
1001 2605 1188 2648 gratitudi-

213 2654 268 2687 nis
293 2661 327 2689 et
346 2653 586 2689 observantiae
612 2665 689 2687 cum
707 2666 785 2698 erga
804 2656 940 2700 ipsum,
965 2662 1039 2690 tum
1056 2662 1089 2691 et
1105 2667 1184 2699 erga

705 107 861 144 DECL.
902 105 979 142 DE
1020 105 1335 146 GREGORIO
1377 107 1671 146 PONTANO.

2128 110 2209 163 360*

1230 201 1488 239 praeceptorem
1506 195 1637 239 optime
1652 194 1828 232 meritum,
1845 202 1878 228 et
1896 201 1928 228 te
1946 196 2066 228 eodem
2084 195 2203 229 animo

1229 257 1300 278 esse
1322 251 1415 278 certo
1439 245 1521 279 scio.
1574 245 1680 287 Quod
1702 257 1784 278 vero
1800 246 1844 277 ad
1867 256 2010 277 examen
2030 252 2062 278 et
2083 246 2204 290 dispu-

1229 296 1398 329 tationem
1417 295 1552 333 attinet,
1572 296 1783 329 satisfactum
1801 306 1872 328 csse
1890 296 1954 328 scis
1972 295 2105 337 legibus
2114 295 2204 329 Aca-

1229 346 1373 380 demiae.
1427 345 1545 388 Quare
1563 357 1640 377 cum
1658 346 1695 378 in
1712 343 1776 379 hac
1794 346 1934 389 publica
1959 345 2151 378 testimonii
2173 354 2205 380 et

1228 397 1355 438 gradus
1377 395 1643 428 renunciatione
1661 396 1763 429 etiam
1787 402 1845 428 tua
1862 396 2030 429 autoritas
2045 396 2206 428 accedere

1230 447 1370 483 debeat,
1394 452 1593 479 reverenter
1615 458 1633 479 a
1658 452 1690 479 te
1714 452 1793 489 peto
1818 447 1956 489 collegii
1973 446 2102 486 nostri,
2129 457 2207 478 meo

1230 504 1261 530 et
1280 495 1383 529 amici
1399 496 1564 537 nomine,
1591 503 1629 530 ut
1639 494 1851 539 M.Casparo
1870 495 2021 529 Peucero
2037 496 2207 529 concedas

1229 547 1446 584 facultatem,
1480 559 1536 587 ac,
1570 553 1609 579 ut
1632 552 1757 579 vocant
1784 545 1961 578 licentiam
1994 545 2207 589 suscipiendi

1230 598 1376 640 gradum
1403 603 1436 629 et
1462 596 1614 640 insignia
1640 596 1793 630 doctoris
1826 596 1862 628 in
1886 602 1956 628 arte
1987 595 2140 636 medica,
2172 596 2207 628 id

1231 648 1464 691 gratissimum
1490 648 1637 690 collegio
1660 654 1779 680 nostro
1804 646 1886 683 erit,
1921 652 1953 678 et
1978 645 2149 689 optimum
2169 656 2208 677 ac

1231 698 1471 731 doctissimum
1488 698 1602 730 virum
1619 697 1810 730 immortali
1831 695 1998 729 beneficio
2025 696 2068 728 ad
2085 706 2210 739 perpe-

1232 756 1327 782 tuam
1349 748 1606 781 observantiam
1628 754 1661 782 et
1683 747 1933 790 gratitudinem
1958 745 2023 779 tibi
2043 745 2209 779 devinxe—

1232 800 1291 832 ris.
1345 798 1438 834 Dixi.

1231 968 1297 1002 No.
1322 967 1402 1002 176.
2045 980 2079 998 an
2107 967 2188 998 1550

1290 1088 1562 1141 Explicatio
1586 1087 1857 1142 Apaortsma·
1885 1087 2043 1130 XLII.
2074 1094 2154 1129 etc.

1302 1192 1331 1216 ln
1353 1190 1478 1216 (Mation,
1498 1190 1530 1216 T,
1548 1191 1580 1217 Τ.
1600 1199 1625 1224 p.
1647 1191 1694 1216 196
1712 1201 1791 1225 sqq.,
1819 1193 1890 1225 apud
1911 1191 2035 1219 Richard.
2057 1191 2092 1220 11,
2113 1200 2137 1225 p.
2156 1191 2214 1218 245.

1335 1230 1359 1249 ct
1374 1224 1400 1249 in
1421 1225 1596 1250 Orationibus
1618 1227 1758 1259 postremis
1778 1236 1803 1260 p.
1826 1228 1885 1252 210.

1234 1311 1446 1354 Eat-plicatio
1480 1309 1689 1354 Aphorismae'
1722 1312 1842 1346 XLII.
1875 1314 2001 1346 Partis
2032 1311 2216 1346 secundae

1625 1360 1834 1405 Aplzorism.

1237 1436 1335 1477 Cum
1352 1441 1447 1476 hunc
1471 1454 1669 1477 consessum
1693 1451 1846 1477 vestrum
1871 1445 1981 1477 oculis
2005 1444 2146 1479 intueor
2163 1447 2216 1479 vi-

1237 1493 1268 1525 ri
1286 1493 1490 1533 clarissimi,
1517 1493 1656 1531 virtute,
1683 1494 1900 1535 eruditione,
1923 1494 2092 1537 dignitate
2111 1502 2215 1541 atque

1237 1543 1471 1586 amplitudine
1489 1549 1711 1585 praestantes,
1727 1544 1838 1588 deque
1855 1545 2038 1578 excellenti
2055 1546 2217 1581 doctrina

1238 1600 1370 1633 vestra,
1397 1600 1430 1626 et
1453 1604 1528 1624 mea
1553 1605 1686 1625 mecum
1708 1594 1820 1636 cogito
1845 1594 2108 1637 imbecillitate,
2138 1598 2216 1630 ani-

1238 1644 1418 1676 madverto
1434 1642 1569 1676 dicturo
1586 1640 1673 1675 mihi
1695 1645 1866 1687 quaedam
1890 1642 1956 1677 hoc
1980 1646 2017 1677 in
2042 1646 2118 1679 loco
2143 1659 2215 1680 non

1238 1701 1309 1727 tam
1337 1694 1547 1733 attentione,
1591 1705 1694 1737 quam
1724 1694 1854 1727 favoris
1885 1701 1917 1728 et
1951 1696 2216 1731 benevolentiae

1239 1751 1372 1778 vestrae
1395 1744 1520 1777 studiis
1545 1755 1632 1786 opus
1658 1755 1740 1779 esse.
1794 1744 1893 1786 Quae
1920 1746 2063 1791 quidem
2087 1754 2124 1780 ut
2144 1759 2216 1781 non

1239 1795 1426 1827 difficulter
1442 1792 1527 1826 mihi
1547 1795 1735 1837 praestetis,
1753 1795 1823 1827 duo
1844 1807 1905 1829 vos
1920 1808 2060 1830 movere
2077 1798 2217 1832 debent.

1238 1844 1328 1877 Nam
1352 1856 1464 1888 neque
1496 1845 1631 1888 privato
1662 1845 1809 1878 consilio
1841 1843 1902 1878 has
1930 1847 2070 1880 dicendi
2104 1855 2217 1892 partes

1240 1895 1392 1938 sumpsi,
1417 1896 1474 1927 sed
1492 1895 1657 1927 mandato
1681 1902 1713 1928 et
1737 1896 1922 1930 autoritate
1947 1897 2060 1940 legum
2075 1925 2084 1938 ‚
2109 1911 2215 1943 quam

1241 1945 1355 1978 colere
1371 1952 1403 1978 et
1419 1945 1508 1978 tueri
1527 1946 1623 1978 decet
1643 1957 1783 1985 omnes,
1812 1947 1873 1991 qui
1890 1959 1985 1988 eam,
2012 1948 2046 1980 in
2072 1960 2138 1993 qua
2161 1950 2214 1981 vi—

1241 2002 1339 2034 vunt,
1366 1994 1634 2039 Rempublicam
1651 2003 1887 2030 conservatam
1904 1998 2063 2042 cupiunt,
2089 2006 2215 2033 etcum

1240 2046 1496 2091 tranquillitate
1513 2058 1551 2079 ac
1569 2046 1756 2089 dignitate,
1779 2047 1962 2083 florentem
1982 2056 2016 2083 et
2038 2050 2214 2083 stabilem:

1241 2109 1354 2142 neque
1383 2097 1538 2141 exemplo
1564 2094 1629 2130 hoc
1659 2109 1751 2131 novo
1775 2098 1883 2140 sacio,
1921 2100 1981 2132 sed
2012 2100 2216 2144 obtempero

1241 2148 1499 2181 laudatissimae
1523 2148 1787 2190 consuetudini,
1819 2161 1907 2194 quae
1930 2149 2079 2194 sapienti
2102 2151 2215 2185 maio-

1241 2210 1320 2231 rum
1337 2198 1484 2232 consilio
1503 2198 1699 2233 introducta
1712 2226 1721 2239 ‚
1752 2206 1785 2234 et
1805 2212 1822 2233 a
1839 2200 1960 2234 multis
1984 2207 2063 2234 ante
2085 2213 2141 2234 me
2159 2214 2214 2235 ce-

1241 2249 1391 2291 lebrata,
1418 2256 1450 2282 et
1468 2250 1541 2293 ipso
1558 2252 1799 2284 commendata
1816 2251 1929 2284 fructu
1954 2257 1985 2283 et
2012 2252 2214 2286 necessitate

1241 2311 1376 2343 semper
1400 2298 1467 2333 huc
1489 2312 1598 2345 usque
1623 2301 1743 2343 viguit.
1800 2301 1860 2335 Me
1878 2312 1959 2333 vero
1978 2302 2080 2334 etiam
2099 2314 2215 2336 recor·

1241 2351 1335 2384 datio
1378 2351 1682 2396 consideratioque
1717 2363 1872 2385 summae
1912 2348 2141 2386 humanitatis
2182 2362 2214 2388 et

1240 2402 1424 2446 aequitatis
1443 2410 1595 2442 vestrae,
1622 2415 1688 2446 qua
1705 2414 1744 2435 ex
1763 2400 1827 2435 hoc
1844 2402 1918 2445 ipso
1942 2402 2017 2435 loco
2041 2403 2178 2437 auditos
2195 2417 2213 2437 a

1239 2453 1339 2485 vobis
1361 2459 1441 2486 ante
1461 2465 1516 2485 me
1540 2454 1723 2497 plerosque
1749 2452 1910 2491 memini,
1938 2453 1973 2485 in
1998 2465 2092 2498 spem
2119 2455 2213 2498 opti-

1240 2515 1331 2536 mam
1358 2510 1510 2536 erectum
1535 2504 1733 2542 confirmat,
1776 2511 1813 2536 ut
1845 2504 1990 2536 eandem
2015 2515 2078 2546 ego
2101 2505 2212 2539 multo

1240 2555 1348 2597 magis
1365 2567 1382 2587 a
1404 2554 1503 2588 vobis
1521 2553 1727 2598 aequitatem
1746 2560 1931 2597 expectem,
1957 2566 2060 2599 quam
2076 2552 2213 2589 exhibi-

1240 2611 1308 2637 tam
1333 2605 1412 2638 aliis
1436 2605 1617 2644 recordor,
1651 2603 1713 2648 qui
1741 2603 1775 2636 in
1803 2604 2004 2637 dulcissima
2032 2605 2210 2638 vobiscum

1240 2657 1431 2690 multorum
1450 2665 1623 2689 annorum
1638 2654 1886 2689 coniunctione
1911 2661 1945 2689 et
1960 2655 2211 2690 consuetudine
