2324 2955
103 122 175 157 801
805 116 830 153 Ι.
871 112 1163 152 CHRONICON
1195 112 1443 152 CARIONJS.
2063 120 2135 155 802

106 208 278 252 gimanu5‚
296 205 390 249 quod
409 204 530 237 dextra
546 202 686 246 longior
699 202 805 236 fuerit
822 215 927 248 quarn
939 201 1091 236 sinistra.
1115 208 1117 234 t
1142 200 1206 234 tim
1224 200 1317 234 tristi
1334 201 1500 235 servitute
1517 213 1701 246 oppressae
1716 210 1809 244 sunt,
1836 215 1914 237 cum
1931 215 2130 247 grassaren-

105 257 287 291 Laudatur
315 256 387 288 eius
408 254 568 294 bonitas,
602 265 707 298 quam
736 255 840 287 etiam
873 253 1028 287 ostendit
1053 251 1090 283 in
1143 258 1200 284 tur
1225 259 1414 295 perpetuae
1443 254 1562 286 caedes
1586 254 1623 286 in
1650 254 1818 295 urbibus,
1844 262 1882 288 ut
1901 254 2076 300 Mitylene
2096 264 2129 290 et

106 306 347 342 munificentia
371 305 586 348 amplissima
611 316 691 348 erga
711 302 915 339 Ecclesiam.
971 304 1090 346 Quare
1141 302 1216 345 ipsa
1241 302 1326 335 urbs
1347 301 1484 344 Attica,
1512 311 1544 337 et
1568 305 1660 338 bella
1679 317 1718 338 ex
1738 306 1841 339 bellis
1856 318 1948 340 nova
1973 305 2125 340 subinde

104 357 227 392 ludaei
242 358 403 397 tradunt,
427 367 505 388 eum
525 355 631 389 fuisse
646 355 761 389 filium
781 354 881 389 Darii
899 361 931 389 et
949 351 1090 388 Esther.
1141 358 1217 386 orta
1236 360 1328 387 sunt.

105 408 235 443 Fuerat
258 414 374 441 autem
402 406 592 451 impeditus
622 407 757 440 reditus
783 405 994 440 Iudaeorum
1023 405 1088 438 sub
1243 401 1342 437 Anni
1369 416 1387 438 a
1412 405 1492 447 fuga
1519 405 1645 439 Xerxis
1668 418 1780 452 usque
1804 407 1845 439 ad
1872 407 2014 441 initium
2041 408 2128 442 belli

104 458 276 504 Cambyse
305 464 338 491 et
363 456 470 490 Dario
503 457 574 491 filio
603 456 802 502 Hystaspis,
835 464 873 490 ut
904 462 1089 490 consenta-
1140 452 1432 497 Peloponnesiaci
1449 464 1531 489 sunt
1549 458 1817 502 quinquaginta.
1872 457 1948 491 Hoc
1971 467 2127 502 tempore

103 520 211 543 neum
236 515 287 542 est
308 515 453 553 propter
477 506 690 554 Aegyptiaca
715 509 817 541 bella.
872 509 940 541 Sed
967 512 1087 552 pacato
1114 525 1116 532 ·
1140 505 1290 538 maxime
1323 506 1445 539 floruit
1476 506 1644 548 Graecia,
1687 516 1718 541 et
1751 509 1936 552 praecipue
1971 518 2127 542 creverat

105 558 274 601 Oriente,
307 559 516 593 Artaxerxes
546 559 787 601 Longimanus
805 559 987 592 renovavit
1012 557 1088 591 edi-
1140 552 1363 590 Athenarum
1392 559 1565 600 potentia,
1601 570 1704 603 qnam
1729 557 1986 592 Demosthenes
2011 561 2128 604 inquit

104 617 198 645 ctum
216 609 321 657 Cyri,
348 617 380 644 et
399 610 500 644 iussit
519 610 636 653 perfici
653 611 932 644 aedificationem
951 608 1088 642 leroso-
1140 607 1292 640 tenuisse
1316 608 1554 651 principatum
1580 609 1672 641 inter
1698 608 1852 642 Graecos
1880 622 1991 642 annos
2008 618 2076 644 tres
2095 618 2128 644 et

102 662 218 706 lymae
236 668 268 694 et
287 662 421 705 templi.
475 661 527 694 Ac
543 673 636 694 anno
659 668 753 694 sexto
770 662 868 705 regni
885 658 1087 694 Artaxerxis
1140 658 1381 703 septuaginta,
1410 671 1600 692 numerans
1620 660 1783 693 xidelicet
1803 671 1914 692 annos
1930 672 1948 692 a
1967 659 2128 694 Cimonis

103 712 317 755 Longimani
336 712 458 756 templi
475 712 670 744 aedificatio
686 713 846 746 absoluta
863 718 923 746 est.
1139 709 1315 748 victorii5‚
1351 722 1462 755 usque
1488 711 1529 743 fid
1554 710 1778 756 Lysandrum
1796 709 2128 751 Lacedaemonium,

203 761 293 796 Curn
326 763 435 806 igitur
467 764 560 807 apud
590 761 792 806 Haggaeum
825 770 857 796 et
879 759 1087 795 Zachariam
1140 759 1202 804 qui
1232 760 1388 794 obsessas
1420 758 1579 795 Athenas
1612 761 1832 795 deditionem
1859 762 1972 795 facere
2005 763 2127 805 coegit.

102 813 311 847 nominatur
346 812 495 854 Darius,
543 814 704 859 plerique
740 812 834 848 hunc
869 811 1086 846 Artaxerxen
1139 808 1226 843 Erat
1251 817 1366 844 autem
1387 824 1574 845 commune
1599 813 1722 846 foedus
1740 812 1978 854 Graecorum,
2005 825 2049 846 ne
2066 813 2126 857 qui

101 864 364 908 Longimanum
393 865 614 907 intelligunt,
658 865 719 910 qui
749 872 783 898 et
812 876 905 898 anno
937 863 1086 907 septimo
1139 861 1218 894 aliis
1233 861 1325 895 bella
1342 862 1531 903 inferrent,
1559 864 1619 896 sed
1638 870 1677 897 ut
1693 864 1951 896 controversiae
1966 876 2127 898 commu-

101 915 202 958 regni
226 916 281 950 sui
305 916 401 949 misit
426 914 578 950 Esdram
600 927 680 949 cum
707 927 832 959 magna
856 913 1087 948 multitudine
1140 912 1179 944 ui
1214 912 1346 945 iudicio
1377 913 1639 948 dirimerentur.
1700 913 1767 948 Sed
1804 914 2006 949 inciderunt
2036 915 2128 948 inter

102 964 333 1007 Iudaeorum,
366 973 398 1000 et
426 979 505 1000 011111
529 966 756 1010 amplissimis
785 966 888 999 donis
913 964 1087 1009 lerosoly-
1140 962 1364 1004 Megarenses
1390 970 1422 996 et
1446 961 1681 997 Athenienses
1707 966 1749 997 de
1764 964 1863 998 Luco
1882 966 2024 998 incenso
2041 978 2127 999 con-

102 1028 216 1057 mam,
243 1018 286 1050 ad
305 1017 572 1050 instaurandam
590 1013 765 1057 politiam.
1140 1014 1335 1051 tentiones,
1373 1021 1516 1056 propter
1544 1027 1646 1060 quem
1674 1013 1788 1048 Attica
1823 1016 1946 1048 civitas
1973 1017 2127 1049 edictum

203 1065 408 1108 Cogitemus
423 1071 559 1103 autem,
587 1076 690 1109 quam
708 1063 862 1098 difficilis
878 1063 1086 1097 instauratio
1139 1063 1322 1105 proposuit
1340 1063 1375 1094 in
1394 1062 1635 1105 Megarenses,
1662 1073 1701 1097 ut
1718 1078 1735 1098 a
1756 1073 1860 1107 portu
1884 1065 2001 1099 Attico
2018 1067 2127 1099 absti—

101 1115 226 1156 fuerit,
255 1128 334 1149 cum
362 1115 470 1148 vicini
497 1115 600 1148 bellis
624 1127 699 1147 eam
728 1115 900 1159 impedire
916 1125 1088 1147 conaren—
1139 1120 1282 1153 nerent,
1308 1125 1372 1146 nec
1392 1113 1511 1147 liceret
1534 1116 1582 1146 eis
1602 1114 1739 1157 ingredi
1758 1115 1796 1147 in
1815 1121 1943 1148 terram
1959 1115 2126 1150 Atticam.

101 1173 180 1207 tur,
208 1172 240 1200 et
257 1166 360 1199 multi
381 1166 502 1199 ludaei
518 1166 648 1199 reversi
664 1177 703 1198 ex
722 1166 828 1208 longo
854 1165 958 1198 exilio
978 1166 1088 1208 legem
1139 1163 1192 1198 De
1210 1161 1274 1197 hac
1292 1164 1423 1197 iniuria
1444 1177 1522 1197 cum
1542 1164 1766 1208 Megarenses
1781 1167 1872 1210 apud
1890 1165 2127 1201 Lacedaemo-

102 1224 135 1250 et
153 1228 267 1250 mores
285 1217 415 1261 patrios
431 1217 534 1250 obliti
550 1223 682 1255 essent,
711 1225 743 1251 et
767 1216 956 1249 difficulter
972 1214 1089 1249 Oeco—
1140 1215 1217 1248 nios
1235 1215 1347 1260 questi
1366 1222 1497 1256 essent,
1525 1223 1649 1259 petunt
1672 1215 1962 1258 Lacedaemonii,
1990 1225 2028 1251 ut
2052 1219 2128 1251 edi-

101 1268 238 1301 nomias
263 1268 501 1302 instituerent.
554 1264 1089 1301 8011113ου130011111101131011111
1140 1273 1234 1299 ctum
1268 1266 1359 1299 illud
1394 1267 1549 1300 tollatur.
1609 1267 1760 1300 Pericles
1799 1269 1944 1308 fatetur,
1986 1281 2127 1302 causam

101 1317 209 1360 DeUS,
231 1319 293 1364 qui
305 1318 509 1352 Artaxerxis
525 1318 684 1352 animum
702 1319 748 1352 ita
767 1319 908 1352 flexerat
923 1319 965 1351 ad
986 1325 1089 1352 tuen-
1112 1271 1115 1390 l
1140 1318 1250 1361 ipsam
1277 1329 1349 1350 non
1376 1318 1495 1360 magni
1520 1318 1692 1351 momenti
1720 1330 1810 1357 esse,
1843 1320 1902 1351 sed
1928 1320 2126 1365 exemplum

76 1370 166 1402 ¹dos
196 1376 229 1403 et
255 1369 429 1403 iuvandos
457 1368 621 1410 Iudaeos,
655 1376 694 1403 ut
724 1382 798 1403 non
829 1370 989 1402 videatur
1020 1381 1088 1401 1111-
1140 1380 1213 1401 11011
1230 1368 1453 1401 tolerandum
1471 1380 1552 1402 esse.
1596 1368 1719 1402 Postea
1736 1368 2034 1404 Lacedaemonios
2050 1382 2126 1404 ma—

101 1431 206 1465 quam
225 1420 262 1452 in
279 1432 405 1464 genere
422 1418 579 1454 hnmano
599 1420 688 1453 alius
709 1418 900 1454 monarcha
925 1432 1003 1464 erga
1020 1418 1088 1452 Ec·
1140 1419 1214 1452 iora
1238 1419 1472 1463 imperaturos
1499 1431 1570 1452 esse
1583 1447 1591 1460 ,
1619 1420 1648 1452 si
1673 1432 1768 1453 nunc
1787 1421 1823 1453 in
1840 1432 1878 1453 re
1901 1433 2008 1465 parva
2025 1422 2127 1455 cede—

102 1471 240 1504 clesiam
256 1472 520 1505 munificentior
536 1472 652 1505 fuisse.
707 1470 814 1505 Dedit
837 1472 939 1505 etiam
960 1472 1088 1514 guber·
1140 1477 1227 1503 rent.
1280 1469 1356 1503 Hae
1380 1471 1645 1514 exaggeratione
1671 1483 1743 1503 rem
1762 1471 1903 1504 deducit
1921 1473 1963 1504 ad
1982 1473 2128 1514 bellum,

101 1527 242 1555 natores
255 1522 429 1566 sapientes
446 1530 478 1556 et
494 1522 654 1562 foelices,
681 1521 884 1566 Haggaeum
901 1529 933 1554 et
951 1519 1088 1554 Zacha—
1112 1557 1115 1570 ·
1140 1528 1178 1554 ut
1197 1522 1413 1564 suspiciones
1432 1528 1465 1554 et
1488 1522 1615 1555 astutia
1639 1533 1678 1555 ac
1703 1522 1899 1555 virulentae
1917 1523 2127 1568 interpreta-

100 1572 210 1610 riam,
237 1571 408 1613 Esdram,
434 1570 642 1606 Nehemiam
658 1580 691 1607 et
706 1573 812 1611 alios,
841 1573 977 1617 fuitque
997 1573 1089 1605 inter
1139 1573 1252 1606 tiones
1266 1583 1367 1617 saepe
1384 1578 1465 1605 sunt
1480 1584 1602 1606 causae
1619 1585 1825 1616 magnorum
1846 1574 2030 1608 bellorum.
2075 1573 2127 1608 Ita

100 1615 306 1667 praecipuos
331 1621 465 1657 Esdrae
495 1624 632 1657 labores
664 1622 952 1668 propheticorum
977 1624 1089 1656 libro·
1140 1624 1183 1656 ab
1200 1623 1321 1666 exigua
1338 1635 1438 1657 causa
1463 1623 1595 1656 bellurn
1620 1625 1829 1657 diuturnum
1851 1631 1883 1658 et
1902 1625 2040 1658 exitiale
2064 1625 2126 1658 toti

101 1684 180 1707 rum
207 1673 386 1715 collectio,
424 1682 457 1708 et
475 1675 675 1708 studiorum
701 1675 881 1708 doctrinae
900 1675 1090 1713 institutio,
1141 1673 1311 1707 Graeciae
1329 1681 1447 1708 ortum
1465 1682 1526 1712 est,
1554 1675 1644 1708 sicut
1660 1674 1834 1707 Pindarus
1853 1676 1984 1718 inquit:
2015 1675 2126 1708 Parva

100 1724 183 1768 quia
213 1722 391 1758 Ecclesiae
423 1725 694 1758 fundamentum
730 1729 779 1756 est
807 1722 970 1756 doctrina
1005 1734 1088 1766 pro·
1139 1722 1290 1755 scintilla
1312 1734 1413 1766 saepe
1432 1734 1594 1765 magnam
1612 1724 1746 1769 sylvam
1764 1725 1953 1760 comburit.

100 1772 259 1818 phetica,
286 1773 459 1807 divinitus
478 1773 619 1806 tradita.
1243 1772 1408 1807 Secundo
1436 1774 1521 1806 belli
1550 1785 1644 1808 anno
1669 1786 1768 1808 saeva
1793 1783 1826 1810 et
1852 1776 2019 1810 inusitata
2053 1777 2128 1811 lues

204 1823 311 1858 Anno
329 1824 494 1857 vicesimo
512 1822 737 1864 Artaxerxis,·
762 1824 888 1857 missus
907 1830 957 1857 est
971 1821 1089 1857 Nehe-
1139 1821 1291 1857 Athenis
1309 1832 1343 1858 et
1360 1825 1398 1857 in
1420 1825 1549 1858 vicinia
1566 1827 1713 1868 grassari
1731 1827 1863 1871 coepit,
1891 1839 1980 1872 quae
2004 1840 2129 1872 corpo-

101 1875 188 1908 mias
207 1887 247 1908 ex
262 1874 446 1921 Babylone
465 1874 733 1920 lerosolymam,
758 1875 819 1920 qui
840 1882 872 1908 et
892 1875 1089 1918 sumptibus
1140 1871 1177 1907 ra
1201 1875 1418 1909 inflammata
1444 1876 1493 1909 sic
1516 1877 1656 1916 urebat,
1691 1884 1729 1910 111
1753 1878 1908 1911 membra
1934 1879 2128 1922 putrefacta

101 1933 133 1960 et
149 1924 364 1961 authoritate
380 1927 517 1960 adiuvit
537 1926 1030 1965 aedificationemmurorum,
1056 1932 1089 1960 et
1140 1925 1232 1959 intra
1258 1938 1386 1970 paucos
1409 1927 1484 1959 dies
1508 1927 1728 1967 deciderent,
1761 1928 1797 1960 in
1823 1929 1901 1960 aliis
1925 1930 2054 1972 capita,
2091 1930 2126 1961 in

101 1989 224 2011 usuras
242 1975 444 2022 prohibuit,
473 1977 602 2022 quihus
620 1978 740 2021 inopes
763 1989 780 2009 3
798 1977 1089 2020 locupletioribus
1140 1977 1219 2010 aliis
1239 1975 1402 2017 brachia,
1428 1977 1466 2010 111
1494 1977 1572 2009 31115
1595 1978 1717 2020 pedes,
1745 1985 1777 2011 et
1801 1979 2009 2013 accedebant
2029 1980 2127 2012 suro-

104 2025 413 2062 exhauriehantnr.
468 2027 520 2062 lta
538 2028 612 2062 Deo
634 2028 776 2062 iuvante
803 2028 971 2072 paulatim
997 2035 1089 2062 certa
1140 2039 1214 2068 res,
1243 2028 1279 2060 in
1305 2028 1435 2073 quibus
1457 2027 1517 2060 alii
1541 2040 1614 2060 sese
1638 2029 1843 2072 praecipites
1868 2030 1902 2062 in
1924 2037 2045 2074 puteos
2062 2032 2127 2063 ah-

103 2080 200 2112 sedes
214 2078 386 2113 Ecclesiae
404 2081 438 2112 in
453 2079 578 2112 Iudaea
597 2079 755 2113 restituta
768 2086 828 2120 est,
856 2087 885 2113 et
906 2079 942 2112 in
961 2090 1088 2122 magno
1141 2079 1326 2119 iiciebant,
1360 2079 1420 2112 alii
1447 2079 1526 2111 aliis
1551 2080 1664 2112 modis
1689 2092 1762 2113 sese
1780 2081 1990 2124 perdebant,
2017 2089 2048 2115 et
2067 2094 2126 2114 ex—

103 2131 251 2175 imperio
280 2130 418 2164 Persico
443 2137 525 2164 nota
554 2131 640 2171 suit,
668 2137 708 2164 ut
727 2131 830 2164 multi
851 2131 933 2164 inde
957 2131 1087 2163 doctri-
1139 2130 1369 2173 tinguebatur
1390 2131 1559 2164 memoria
1581 2131 1685 2163 etiam
1713 2131 1750 2163 in
1775 2129 1846 2171 his,
1875 2132 1936 2176 qui
1962 2133 2127 2166 convale-

103 2193 184 2214 nam
203 2188 318 2226 petere
341 2189 491 2226 possent.
544 2180 591 2215 Et
609 2182 794 2215 mediocris
819 2182 856 2214 in
882 2181 1008 2215 ludaea
1026 2193 1090 2226 pax
1140 2182 1293 2217 scebant.
1346 2180 1463 2215 Huius
1482 2181 1702 2225 pestilentiae
1717 2181 1753 2215 sit
1771 2183 1905 2215 mentio
1924 2185 2017 2227 apud
2037 2182 2127 2227 llip-

104 2233 189 2271 l'uit',
215 2244 326 2278 usque
341 2235 383 2267 ad
401 2233 542 2279 tyranni
559 2230 653 2266 Ochi
670 2239 837 2277 tempora.
1141 2239 1338 2278 pocratem,
1364 2233 1425 2278 qui
1451 2240 1535 2266 tnnc
1561 2233 1663 2273 vixit,
1689 2239 1721 2266 et
1741 2233 1870 2266 dicitur
1895 2231 1960 2266 hoc
1978 2235 2127 2268 consilio

1141 2296 1217 2317 eam
1243 2296 1261 2318 a
1284 2282 1466 2317 Thessalia
1490 2284 1682 2327 depulisse,
1710 2284 1862 2317 incensis
1886 2284 2012 2331 sylvis,
2047 2297 2127 2319 cum

1141 2336 1244 2368 slatus
1276 2342 1462 2369 ventorum
1495 2335 1538 2366 ab
1572 2333 1687 2367 Attica
1719 2335 1924 2370 adferebant
1956 2337 2129 2380 contagia.

208 2385 338 2420 Scribit
363 2384 610 2433 Thucydides,
639 2384 733 2419 hunc
752 2384 968 2419 Artaxerxen
994 2398 1090 2419 mor-
1141 2386 1212 2420 Nec
1230 2394 1299 2420 tam
1317 2398 1416 2420 saeva
1436 2386 1509 2419 lues
1526 2385 1699 2429 descripta
1716 2385 1843 2428 legitur
1863 2388 1942 2420 aliis
1959 2389 2128 2432 tempori-

105 2446 203 2472 tuum
242 2448 314 2470 esse
349 2449 442 2470 anno
477 2437 626 2482 septimo
667 2437 750 2469 belli
789 2436 1091 2482 Peloponnesiaci,
1141 2438 1225 2477 11115,
1261 2437 1327 2470 11151
1351 2449 1445 2470 311110
1479 2443 1554 2480 post
1582 2436 1733 2469 natalem
1752 2435 1883 2470 Christi
1906 2438 2019 2477 1089,
2055 2451 2126 2483 qno

106 2490 200 2534 quod
220 2488 405 2521 Graeciam
425 2489 627 2531 gravissime
644 2488 789 2522 adflixit.
843 2486 931 2521 Nam
957 2496 990 2522 et
1009 2488 1090 2521 diu-
1141 2500 1234 2521 anno
1253 2488 1456 2530 sigebertus
1476 2494 1610 2526 narrat-3
1637 2487 1739 2521 talem
1758 2489 1991 2533 pestilentiam
2012 2489 2126 2522 111131-

108 2547 252 2573 turnum
270 2539 354 2579 tuit,
378 2540 518 2573 duravit
534 2540 628 2572 enim
648 2551 760 2572 annos
777 2546 906 2582 septeni
924 2547 957 2573 et
975 2539 1090 2582 vigin-
1114 2546 1116 2551 '
1142 2537 1315 2580 tharingia
1335 2546 1522 2582 grassatam
1542 2549 1626 2572 esse.

108 2592 152 2632 ti,
180 2592 241 2625 etsi
262 2592 383 2623 breves
409 2590 568 2623 inducias
593 2591 848 2636 aliquantisper
877 2587 1022 2630 habuit,
1057 2598 1090 2624 et
1114 2563 1116 2644 l
1242 2589 1513 2623 Denunciarnnt
1530 2600 1671 2631 magnas
1687 2590 1899 2624 calamitates
1916 2593 2053 2635 eclipsis
2070 2603 2125 2623 sn-

106 2643 238 2677 multae
261 2641 417 2675 civitates
440 2641 565 2686 partim
585 2642 744 2675 funditus
770 2641 902 2674 deletae
921 2650 1022 2679 sunt,
1050 2648 1087 2675 nt
1141 2642 1183 2674 lis
1211 2641 1313 2674 initio
1338 2641 1420 2673 belli
1447 2641 1554 2680 sacta,
1582 2652 1672 2685 qnae
1688 2642 1802 2674 medio
1824 2643 1880 2675 die
1898 2644 2057 2675 tenebras
2076 2642 2124 2674 fe-

107 2695 242 2732 Platca‚
272 2692 356 2727 urbs
370 2692 644 2738 Corcyreornm,
671 2693 755 2726 urbs
772 2692 981 2734 Meliorum,
1009 2705 1089 2737 par-
1141 2692 1205 2730 cit,
1235 2699 1273 2726 ut
1289 2693 1408 2727 stellae
1425 2692 1730 2736 conspicerentur,
1758 2699 1790 2726 et
1806 2699 1957 2732 cometa,
1986 2692 2045 2737 qui
2070 2704 2126 2725 ar—

429 2321 514 2352 Res
543 2320 764 2352 Graecae.
