2324 2955
85 124 159 160 269

85 213 222 242 runtur.
277 206 444 240 Fremens
465 203 576 238 Iulius
592 202 778 238 Erasmum
799 204 950 238 accersit.
994 201 1070 235 Etsi

89 265 204 291 autem
230 254 398 290 Erasmus
425 263 615 300 tyrannum
646 263 768 295 norat,
802 263 836 289 et
870 256 944 287 eius
970 254 1070 286 vultu

86 308 355 352 perterrefactus
379 314 472 346 erat,
509 315 624 339 tamen
652 314 790 350 praeter
813 306 972 339 omnium
992 305 1071 348 opi-

85 359 230 392 nionem
260 357 370 390 lulius
403 356 538 399 placide
574 370 652 389 eum
690 364 830 397 monet,
878 370 921 388 ne
947 357 989 388 de
1016 368 1069 387 rc—

83 422 165 453 gum
183 408 333 452 negotiis
347 408 525 445 scriberet,
554 407 632 448 Tu,
663 408 795 453 inquit,
823 408 905 440 talia
922 420 995 439 non
1015 407 1069 438 in-

89 460 235 502 telligis,
263 465 301 492 ut
318 456 477 491 Phalaris
504 459 713 491 simonidae
738 458 844 498 dixit,
866 456 1012 501 ,agitem
1030 454 1073 490 δέ

83 521 138 544 σοι
154 511 309 554 μουσῶν
331 507 483 547 εὐκλέας
498 509 615 543 πόνοι.

188 559 365 595 Reversus
385 572 424 592 ex
445 559 544 593 ltalia
568 560 605 591 in
625 558 818 601 Belgicum,
836 557 1067 604 scripsithi-

82 612 192 655 lippo,
221 611 293 654 regi
307 609 510 654 Hispaniae,
528 609 782 655 Panegyricum
803 610 893 644 lectu
912 612 1070 653 dignum,

81 669 115 696 et
132 669 276 706 propter
293 661 498 694 memoriam
517 660 607 703 regis
626 659 804 705 Philippi,
832 662 868 693 in
888 675 957 707 quo
975 662 1069 694 mul-

82 720 195 746 tarum
219 713 388 746 virtutum
407 712 551 745 suerunt
577 712 694 751 initia,
724 719 757 745 et
775 719 918 756 propter
934 713 1067 746 oratio-

82 764 134 796 nis
152 764 387 808 splendorem.

182 813 272 848 Cum
302 821 418 848 autem
455 814 491 846 in
520 820 570 848 tot
596 815 961 858 peregrinationibus,
996 828 1067 848 non

79 865 192 898 solum
217 865 322 898 urbes
346 865 557 906 multorum,
599 867 659 898 sed
688 866 791 899 etiam
818 878 939 899 sensus
963 874 1066 911 atque

80 916 268 960 opiniones
288 915 552 957 considerasset,
574 923 607 949 et
628 917 799 949 iudicium
820 918 893 950 eius
913 918 956 950 de
975 918 1068 950 mul—

79 967 123 1000 tis
149 967 285 1010 magnis
311 967 415 1000 rebus
439 967 684 1000 confirmatum
711 974 816 1007 esset,
845 975 877 1001 et
896 969 1066 1001 autorita-

79 1026 148 1051 tem
167 1018 258 1050 sama
280 1018 509 1057 eruditionis,
538 1024 570 1050 et
594 1025 686 1050 aetas
702 1020 889 1059 adderent,
914 1019 1066 1052 videret-

79 1081 146 1113 que
181 1068 337 1111 ingentia
362 1066 540 1101 Ecclesiae
571 1069 738 1108 vulnera,
781 1070 936 1102 decrevit
966 1071 1067 1102 edere

78 1118 171 1152 Novi
181 1118 402 1152 Testamenti
416 1119 743 1162 interpretationem
758 1120 867 1163 magis
879 1119 1067 1153 Grannna—

78 1170 201 1210 ticam,
227 1177 261 1204 et
276 1170 405 1203 addere
420 1171 683 1204 admonitiones
704 1172 746 1203 de
768 1171 949 1204 vocabulis
974 1179 1005 1205 et
1024 1173 1067 1204 de

79 1219 210 1264 phrasi.

183 1270 261 1305 Hoc
288 1283 393 1315 opere
418 1271 596 1305 iudicabat
612 1273 699 1305 duas
715 1284 769 1305 res
786 1284 929 1314 magnas
946 1279 977 1305 et
995 1273 1066 1304 uti—

77 1324 126 1354 les
141 1322 207 1363 agi.
262 1320 437 1353 Futurum
460 1322 554 1352 enim
578 1331 669 1358 esse,
696 1327 735 1353 ut
760 1322 875 1353 studia
898 1323 1066 1353 emenda-

79 1378 221 1409 rentur,
263 1378 295 1404 et
320 1371 438 1414 plures
462 1370 625 1403 Latinam
651 1377 681 1403 et
707 1370 880 1403 Graecam
906 1371 1064 1413 linguam

78 1423 269 1461 discerent,
298 1427 330 1453 et
346 1420 516 1464 paulatim
535 1421 714 1453 exoriente
730 1422 807 1453 luce
824 1422 995 1461 veritatis,
1014 1428 1065 1454 te-

76 1473 205 1505 nebrae
220 1476 489 1508 evanescerent,
516 1476 549 1503 et
568 1471 760 1503 multorum
788 1482 947 1503 errorum
966 1472 1065 1504 vani-

75 1530 127 1557 tas
145 1527 371 1564 retegeretur.

176 1571 259 1605 Fuit
277 1571 383 1604 foelix
400 1570 600 1603 institutum
614 1598 623 1611 ,
650 1583 688 1604 ac
705 1582 767 1614 ego
787 1571 928 1616 quidem
947 1572 1065 1605 existi-

74 1636 151 1664 mo,
179 1622 351 1656 divinitus
377 1628 408 1655 et
435 1622 551 1654 studia
578 1622 672 1660 eius,
701 1630 734 1656 et
759 1622 905 1655 consilia
923 1624 966 1655 ad
1000 1620 1065 1655 boc

75 1686 164 1719 opus
179 1673 371 1717 gubernata
388 1683 473 1705 esse.
517 1671 625 1705 Liber
640 1673 754 1707 editus
771 1680 803 1706 et
822 1685 940 1706 rerum
960 1674 1063 1706 boni-

74 1733 154 1764 tate,
179 1731 214 1758 et
229 1723 402 1758 orationis
418 1723 601 1761 suavitate,
631 1723 849 1758 iuventutem
865 1725 908 1757 ad
924 1725 1064 1767 lingua-

73 1788 152 1810 rum
180 1782 214 1809 et
229 1776 273 1808 ad
291 1772 552 1807 Grammaticae
569 1775 683 1808 studia
701 1775 883 1816 invitavit,
909 1775 1064 1809 seniores

73 1828 178 1861 etiam
205 1827 248 1859 de
273 1826 395 1859 inultis
419 1825 598 1858 erroribus
622 1827 819 1861 admonuit.
876 1825 921 1860 Ut
946 1834 1061 1860 antem

71 1878 177 1913 bonis
205 1876 291 1910 viris
319 1883 437 1920 gratus
467 1874 523 1908 hic
548 1876 649 1910 labor
674 1878 758 1916 suit,
800 1878 847 1910 ita
874 1885 996 1911 contra
1025 1879 1061 1910 in

73 1929 238 1964 omnibus
254 1928 417 1970 gentibus
431 1925 644 1972 Hypocritae
660 1926 836 1969 monachi,
869 1935 1062 1962 metuentes

73 1992 155 2015 suae
174 1978 357 2013 autoritati
383 1986 417 2013 et
441 1978 575 2019 ventri,
603 1986 634 2013 et
650 1977 734 2013 haec
753 1992 843 2012 nova
861 1980 976 2012 studia
996 1992 1059 2023 op-

72 2031 235 2078 primere,
253 2036 286 2064 et
302 2030 418 2073 ipsum
436 2036 594 2062 autorem
614 2032 757 2073 perdere
773 2038 958 2064 conantur.
990 2030 1059 2063 Pu-

72 2088 182 2128 gnant
198 2081 235 2113 in
257 2081 371 2123 aulis,
394 2080 431 2113 in
449 2079 665 2126 Gynaeceis,
692 2082 728 2114 in
747 2081 996 2122 concionibus,
1024 2088 1059 2114 nt

70 2134 240 2169 Erasmus
264 2132 409 2166 tollatur
440 2143 458 2164 e
482 2131 611 2165 medio.
666 2131 823 2176 Fingunt
855 2133 1004 2165 crimina
1029 2140 1060 2166 et

70 2184 218 2220 fabellas
235 2189 348 2226 gratas
364 2194 426 2216 suo
444 2179 600 2221 theatro,
625 2189 664 2216 ut
682 2184 821 2217 veritati
847 2184 884 2216 in
901 2182 1059 2217 Ecclesia

72 2236 239 2270 omnibus
256 2234 476 2278 temporibus
488 2232 702 2278 llypocritae
720 2236 961 2269 adversantur.
990 2234 1058 2267 Sed

70 2293 270 2322 armaverat
289 2283 385 2318 Deus
402 2283 591 2318 Erasmum
610 2296 669 2317 sua
687 2297 857 2327 gorgone,
886 2286 1060 2325 videlicet,

69 2336 309 2383 Eloquentia,
337 2348 406 2381 qua
422 2335 562 2368 sortiter
581 2336 710 2379 repulit
727 2334 854 2371 hostes.

172 2388 297 2422 Postea
315 2393 427 2420 totum
447 2386 627 2419 doctrinae
652 2387 903 2420 ecclesiasticae
921 2400 1059 2432 corpus,

69 2452 153 2474 voce
187 2438 372 2472 reverendi
403 2438 470 2470 viri
494 2436 535 2470 D.
564 2436 712 2471 Lutlieri
746 2445 970 2482 repurgatum
998 2446 1059 2476 est,

72 2503 176 2538 quam
196 2491 238 2523 ad
257 2502 330 2523 rem
348 2489 568 2533 praeparatio
586 2489 671 2529 suit,
699 2490 793 2533 quod
821 2489 902 2521 libri
920 2497 1060 2533 aposto-

69 2543 129 2576 lici
145 2548 179 2575 et
194 2548 326 2575 veteres
351 2537 516 2573 historiae
544 2540 612 2573 iam
630 2541 666 2573 in
692 2541 855 2573 manibus
873 2537 1057 2573 bominum

70 2599 178 2628 erant.

159 2642 236 2677 Etsi
253 2649 369 2676 autem
384 2642 427 2674 de
444 2643 653 2686 quibusdam
673 2642 934 2681 controversiis,
951 2654 1058 2687 quae-

648 117 805 155 DECL.
842 117 913 153 DE
953 114 1203 152 ERASMO
1245 113 1548 150 ROTEROD.

1095 229 1097 255 l

2036 113 2110 149 270

1124 213 1202 233 rum
1232 208 1262 233 et
1287 198 1473 233 Erasinum
1500 201 1659 240 videtur,
1695 206 1812 233 tamen
1845 198 1935 233 nibil
1960 199 2108 233 dubium

1123 258 1184 289 est,
1206 250 1351 283 Erasmo
1368 258 1473 284 totam
1495 249 1582 283 lianc
1602 258 1736 294 partem
1757 251 2015 284 emendationis
2034 251 2111 294 pla-

1095 306 1096 309 ’
1121 303 1249 339 cuisse,
1278 314 1365 346 qnae
1392 309 1481 334 taxat
1508 314 1642 335 errores
1668 303 1710 334 de
1738 302 1865 336 ritibus
1882 300 2047 335 humanis
2072 301 2108 333 in

70 2697 150 2729 dam
176 2694 282 2728 fuisse
304 2693 518 2728 iudiciorum
547 2694 798 2728 dissimilitudo
816 2694 906 2727 inter
924 2691 1058 2727 laitbe-
1080 2703 1084 2728 1

1122 351 1291 385 Ecclesia.

1229 402 1374 438 Constat
1390 404 1491 438 etiam
1512 419 1589 439 cnm
1609 419 1707 450 saepe
1724 407 1861 447 dixisse,
1879 407 1915 439 in
1934 407 2108 449 interpre-

1121 454 1254 488 tatione
1275 455 1463 489 Sacrorum
1482 458 1653 490 libroruin
1674 459 1764 489 vinci
1782 456 1967 491 aLuthero
1987 468 2109 489 omnes

1120 513 1152 538 et
1178 513 1309 539 veteres
1339 514 1371 540 et
1394 516 1546 541 recentes
1575 509 1797 551 interpretes,
1826 521 1888 541 nec
1916 506 2106 555 ἕξῃγῃτικά

1120 557 1248 601 scripta
1269 558 1415 591 meliora
1433 571 1504 591 esse
1521 556 1668 592 Lutlieri
1691 560 1990 599 enarrationibus,
2019 571 2107 604 quae

1119 606 1314 652 Prophetas
1334 617 1507 649 enarrant,
1537 622 1621 653 quas
1637 609 1779 653 quidem
1799 616 1830 641 et
1849 610 1920 651 ipse
1940 608 2106 643 Erasmus

1120 660 1186 702 legi
1207 660 1272 692 sibi
1293 673 1309 692 a
1329 672 1434 692 coena
1452 661 1606 692 iubebat.
1634 661 1703 692 sed
1722 660 1757 691 in
1775 660 2002 692 contentiosis
2021 661 2107 693 scri—

1121 712 1188 754 ptis
1207 711 1384 743 interdum
1404 723 1481 743 eum
1504 708 1682 743 horridius
1700 711 1871 755 quaedam
1892 722 2107 753 exaggerare,

1120 774 1163 794 ne
1183 763 1266 805 quid
1284 763 1326 794 tle
1345 774 1444 794 causa
1464 762 1582 803 largiri
1602 762 1773 794 videatur.

1223 812 1354 845 Notum
1380 820 1430 845 est
1454 812 1557 844 etiam
1580 812 1796 856 colloquium
1815 812 1900 845 boni
1920 811 2107 855 Principis,

1120 869 1151 895 et
1175 863 1344 906 sapientia
1372 863 1577 907 praestantis
1601 862 1710 895 Ducis
1727 863 1898 895 Friderici
1923 870 1955 896 et
1986 863 2106 906 ipsius.

1120 912 1210 946 Cum
1230 915 1322 946 enim
1341 914 1601 947 controversiae
1618 916 1660 946 de
1680 914 1839 947 doctrina
1857 926 1975 946 recens
1993 921 2107 947 motae

1120 972 1244 1005 essent,
1262 972 1294 998 et
1314 964 1392 997 Dux
1409 964 1610 997 Fridericus
1630 965 1856 1008 prospiceret,
1873 972 2001 1009 quanta
2021 972 2108 998 tem-

1121 1023 1233 1059 pestas
1256 1016 1493 1059 impenderet,
1521 1022 1553 1048 et
1580 1028 1694 1060 neque
1717 1016 1801 1048 salsa
1827 1016 1941 1058 spargi
1959 1016 2107 1059 permis-

1121 1078 1222 1099 surus
1242 1073 1339 1106 esset,
1364 1079 1478 1110 neque
1497 1077 1595 1098 veras
1610 1074 1641 1098 et
1661 1067 1872 1099 necessarias
1891 1066 2109 1099 emendatio-

1120 1129 1181 1149 nes
1196 1124 1292 1150 1netu
1310 1118 1549 1160 periculorum
1573 1117 1725 1160 opprimi
1752 1118 1867 1150 vellet.
1921 1115 2108 1149 Erasmum

1119 1169 1161 1200 de
1185 1180 1222 1201 re
1248 1175 1344 1201 tanta
1371 1167 1557 1201 consuluit.
1620 1168 1700 1209 Quo
1726 1168 1762 1199 in
1786 1168 1988 1211 colloquio,
2028 1180 2107 1200 curn

1119 1226 1199 1251 ante
1225 1220 1426 1257 exordium,
1454 1225 1493 1251 ut
1516 1218 1551 1249 in
1571 1218 1694 1261 primis
1712 1219 1954 1261 congressibus
1971 1218 2106 1263 aliquid

1120 1267 1308 1303 hilaritatis
1342 1269 1559 1308 ostenditur,
1598 1270 1741 1301 dixisset
1772 1268 1850 1301 Dux
1885 1268 2105 1302 Fridericus:

1120 1319 1268 1361 Propter
1286 1332 1370 1363 quas
1390 1330 1508 1352 causas
1535 1317 1698 1351 monachi
1716 1320 1801 1351 adeo
1820 1320 2020 1352 irascuntur
2036 1319 2107 1352 Lu-

1119 1366 1243 1401 thero?
1277 1368 1445 1401 Erasmus
1469 1369 1601 1412 inquit:
1628 1370 1710 1401 Duo
1738 1381 1863 1411 magna
1889 1377 2026 1412 peccata
2044 1371 2107 1402 ad-

1120 1420 1234 1459 misit,
1267 1420 1381 1461 attigit
1406 1431 1571 1453 coronam
1602 1418 1715 1464 Papae
1743 1428 1776 1454 et
1809 1427 1950 1454 ventres
1983 1433 2106 1454 mona-

1119 1467 1278 1504 chorum.

1221 1520 1357 1552 Deinde
1382 1528 1496 1554 secuta
1521 1530 1570 1556 est
1599 1524 1686 1556 seria
1714 1525 1940 1566 deliberatio,
1976 1526 2012 1558 in
2039 1538 2106 1570 qua

1118 1568 1286 1604 Erasmus
1322 1583 1431 1614 genus
1467 1574 1648 1606 doetrinae
1682 1575 1769 1608 dixit
1800 1576 1897 1619 pium
1925 1588 2015 1615 esse,
2049 1578 2107 1608 sed

1118 1628 1239 1665 optare
1256 1634 1302 1662 se,
1330 1623 1499 1667 quasdam
1514 1636 1587 1657 non
1606 1627 1816 1659 necessarias
1835 1627 2057 1671 quaestiones
2074 1635 2107 1661 et

1118 1669 1337 1706 horridiores
1380 1675 1582 1716 praeteriri,
1633 1683 1666 1709 et
1705 1677 1878 1721 placidius
1922 1678 2106 1721 disputari.

1119 1724 1285 1758 Mortuus
1304 1731 1352 1758 est
1372 1723 1541 1758 Erasmus
1558 1727 1595 1759 in
1619 1727 1845 1761 invocatione
1861 1727 1940 1763 Dei.
1994 1728 2040 1763 Et
2058 1731 2107 1762 ci-

1117 1775 1170 1808 vis
1185 1787 1258 1808 esse
1275 1774 1453 1809 Ecclesiae
1469 1775 1676 1811 Basiliensis
1700 1779 1824 1813 voluit.

1220 1826 1290 1860 Nec
1314 1839 1395 1859 vero
1421 1828 1550 1861 mirum
1576 1836 1646 1868 est,
1676 1830 1712 1862 in
1738 1837 1834 1864 tanta
1852 1832 1946 1864 mole
1965 1839 2108 1865 contro-

1116 1877 1331 1917 versiarum,
1373 1878 1503 1911 alicubi
1537 1880 1630 1913 inter
1655 1878 1817 1914 homines
1849 1883 1954 1915 etiam
1985 1884 2109 1923 bonos,

1115 1928 1269 1973 aliquam
1314 1928 1469 1961 incidere
1511 1930 1838 1965 dissimilitudinem
1882 1934 2107 1967 iudiciorum.

1115 1978 1184 2012 Sed
1202 1976 1291 2012 hanc
1311 1979 1585 2024 disputationem
1611 1982 1748 2017 omitto.
1802 1982 1917 2017 Multa
1944 1991 2024 2017 sunt
2043 1997 2105 2017 au-

1115 2037 1183 2063 tem
1216 2030 1313 2072 signa
1345 2031 1491 2064 modesti
1522 2032 1629 2064 animi
1656 2032 1691 2065 in
1716 2030 1877 2068 Erasmo.
1931 2033 2106 2069 l’otuisset

1114 2081 1206 2125 apud
1223 2080 1411 2114 Pontifices
1429 2082 1584 2125 accipere
1602 2094 1725 2125 magna
1742 2084 1874 2127 premia
1891 2085 2102 2120 adsentatio—

1114 2144 1198 2164 num
1212 2159 1221 2172 ,
1247 2132 1276 2164 si
1294 2132 1524 2165 ambitionem
1543 2134 1670 2166 studiis
1688 2135 1919 2178 praetulisset.
1956 2134 2003 2170 Et
2023 2150 2105 2181 pro-

1114 2183 1221 2216 fuisse
1236 2184 1310 2215 eins
1329 2183 1465 2216 labores
1481 2186 1523 2216 ad
1541 2186 1722 2217 excitanda
1741 2186 1857 2219 studia
1877 2187 2016 2230 linguae
2034 2188 2102 2222 La*

1114 2235 1208 2266 tinae
1224 2240 1254 2266 et
1273 2233 1428 2267 Graecae
1446 2235 1670 2268 manifestum
1688 2243 1748 2269 est.
1803 2235 1907 2271 Vivet
1933 2239 2036 2271 etiam
2069 2240 2103 2272 in

1113 2283 1168 2318 his
1193 2284 1340 2319 utilibus
1367 2286 1553 2328 operibus,
1583 2287 1617 2318 in
1649 2287 1731 2319 novi
1753 2286 1969 2322 Testamenti
1995 2295 2104 2323 inter-

1112 2337 1317 2380 pretatione,
1346 2336 1382 2367 in
1402 2349 1442 2369 eo
1462 2337 1564 2376 libro,
1585 2337 1644 2381 qni
1665 2344 1714 2370 est
1731 2338 1824 2372 velut
1843 2340 1964 2382 copiae
1981 2354 2104 2381 cornu,

1112 2387 1234 2432 inquo
1260 2394 1330 2419 tam
1350 2388 1443 2419 varia
1462 2394 1531 2426 est,
1560 2396 1591 2422 et
1612 2388 1724 2421 dulcis
1743 2387 2020 2424 Proverbiornm
2048 2394 2102 2426 in-

1111 2438 1334 2482 terpretatio,
1368 2450 1470 2482 quem
1497 2439 1647 2477 librum,
1683 2446 1718 2472 ut
1753 2452 1854 2484 saepe
1881 2443 2102 2489 multumqu«=

1111 2490 1251 2532 legatis,
1281 2489 1380 2521 valde
1403 2501 1462 2521 vos
1481 2487 1662 2525 adbortor.

1202 2541 1410 2573 Sermonem
1427 2540 1529 2572 etiam
1551 2553 1587 2573 ac
1609 2540 1798 2583 figurarum
1817 2545 1972 2588 exempla
1992 2547 2099 2579 inulta

1110 2603 1149 2624 ex
1168 2591 1242 2623 eins
1260 2590 1421 2622 oratione
1439 2602 1575 2623 sumere
1595 2593 1769 2635 poteritis.

1212 2640 1286 2674 Etsi
1306 2641 1400 2673 enim
1420 2641 1541 2674 Critici
1561 2643 1704 2687 quidam
1723 2645 1864 2677 delicias
1883 2657 1955 2678 esse
1974 2647 2097 2680 imino-

1109 2694 1223 2732 dicas,
1253 2699 1284 2726 et
1313 2692 1490 2725 interdum
1518 2694 1644 2736 figuras
1673 2695 1936 2739 intempestivas
1954 2709 2024 2729 esse
2043 2700 2097 2730 di-
