2324 2955
193 119 262 152 411

201 200 434 236 obedientiam
446 223 454 237 ,
480 202 518 229 ut
535 195 563 226 si
580 194 704 231 dicam,
731 190 833 235 Aqua
849 191 978 234 frigida
994 191 1031 223 fit
1048 190 1170 226 calida.

199 253 246 285 Ili
265 251 416 291 cogitant
435 254 640 278 conversum
657 242 785 274 iustum
804 252 874 273 esse
890 240 1041 285 propriis
1057 241 1171 286 quali-

199 302 344 335 tatihus,
373 303 403 328 et
422 292 511 326 nihil
528 293 650 325 dicunt
666 292 708 323 de
724 291 931 324 remissione
952 298 1171 334 peccatorum

200 363 232 383 et
251 351 292 380 de
312 344 554 388 imputatione.
606 341 743 375 Deinde
761 338 957 381 Osiander,
981 352 1024 373 ne
1051 342 1092 374 de
1108 352 1173 374 no—

200 400 277 432 stris
292 394 517 440 qualitatibus
532 393 707 436 loquatur,
733 391 833 424 dicit:
861 391 991 424 Paulus
1008 391 1045 424 fit
1063 402 1103 424 ex
1118 391 1174 423 in-

202 450 290 480 iusto
308 447 437 485 iustus,
465 443 501 475 id
518 449 585 481 est,
613 439 745 474 habens
762 441 832 473 iam
851 441 888 473 in
911 452 983 474 sese
1002 441 1173 474 iusticiam

199 497 262 531 Dei
290 494 518 528 essentialem.

300 552 371 585 Nos
397 550 564 593 dicimus,
603 560 643 582 ex
673 548 804 581 iniusto
836 547 911 580 fieri
936 547 1066 580 iustum
1093 558 1177 588 esse,

200 618 239 638 ex
263 614 320 636 reo
345 608 378 634 et
402 600 626 634 inobediente
651 598 725 631 fieri
749 595 935 630 habentem
956 597 1052 630 illam
1075 597 1177 630 iusti-

200 656 307 693 ciam,
334 653 377 684 de
395 662 463 695 qua
479 651 673 694 loquuntur
689 648 954 692 promissiones,
981 653 1014 680 et
1040 647 1082 679 de
1107 658 1175 691 qua

203 704 287 738 dicit
303 701 450 735 Paulus:
479 699 619 733 Iusticia
630 697 694 731 Dei
712 699 749 730 in
767 696 959 740 Evangelio
977 697 1177 730 manifesta-

201 763 277 793 tur,
313 763 401 797 quae
425 757 475 783 est
497 749 654 782 remissio
679 754 919 791 peccatorum,
954 754 987 780 et
1007 746 1178 791 imputata

202 802 337 837 iusticia
364 807 507 844 propter
529 799 640 831 filium
658 797 744 837 Dei,
770 804 803 831 ct
826 804 965 831 aeterna
985 797 1056 831 vita
1073 803 1106 831 et
1123 796 1179 829 iu-

200 853 298 886 sticia
315 859 398 885 tunc
417 862 495 882 cum
512 847 825 882 consummabitur.

302 916 397 951 XLI.
428 915 624 959 Complecti
648 915 742 948 enim
767 914 917 947 Paulum
940 913 1178 947 remissionem

202 976 421 1014 peccatorum
437 973 469 999 et
487 965 753 1009 imputationem
772 964 994 997 manifestum
1012 970 1073 1002 est,
1101 975 1179 996 cum

202 1019 320 1063 inquit
344 1016 449 1050 Rom.
467 1014 518 1050 5.:
546 1014 723 1048 Iustificati
746 1014 913 1056 sanguine
939 1014 1022 1047 eius.
1074 1012 1179 1046 Item:

204 1069 271 1102 Per
295 1067 400 1100 unius
419 1065 652 1098 obedientiam
678 1064 761 1097 iusti
786 1063 1042 1096 constituentur
1065 1063 1181 1103 multi,

204 1120 238 1151 id
260 1125 326 1157 est,
353 1114 521 1149 habentes
537 1114 777 1147 remissionem
799 1119 1037 1156 peccatorum,
1066 1113 1182 1155 impu-

205 1169 373 1202 tationem
399 1164 571 1201 iusticiae,
599 1171 631 1197 et
659 1164 831 1196 incoatam
859 1162 1069 1200 novitatem,
1094 1173 1182 1206 quae

205 1225 324 1260 postea
358 1216 423 1249 erit
458 1214 616 1257 perfecta.
670 1213 845 1258 Loquitur
866 1212 960 1245 enim
985 1211 1115 1245 Paulus
1140 1212 1182 1244 de

205 1270 340 1309 integro
364 1264 542 1298 beneficio.

306 1321 421 1355 XLII.
465 1320 652 1363 Perspicue
675 1321 723 1352 sic
748 1320 815 1352 dici
844 1325 972 1361 potest:
1000 1318 1183 1350 Iustificari

207 1382 257 1407 est
272 1386 309 1405 ex
328 1372 458 1404 iniusto
476 1370 605 1402 iustum
623 1369 697 1401 fieri
709 1395 717 1409 ‚
741 1369 776 1401 id
794 1374 854 1408 est,
882 1379 921 1400 ex
938 1380 997 1400 reo
1013 1375 1045 1400 et
1061 1368 1185 1399 inobe-

208 1426 324 1457 diente
348 1421 423 1453 fieri
445 1417 631 1452 habentem
657 1416 856 1457 Christum,
891 1418 952 1461 qui
976 1424 1025 1450 est
1048 1416 1185 1449 iusticia

207 1480 336 1512 nostra,
353 1471 441 1503 sicut
458 1470 488 1502 1.
500 1466 620 1501 Iohan.
632 1465 665 1501 5.
684 1468 828 1501 dicitur:
853 1466 925 1509 Qui
942 1465 1046 1499 habet
1063 1466 1186 1506 filium,

210 1523 316 1556 habet
333 1520 451 1553 vitam.

309 1577 374 1612 Est
389 1584 502 1610 autem
520 1573 680 1609 Christus
698 1573 832 1606 iusticia
850 1580 979 1613 nostra,
1007 1573 1087 1617 quia
1104 1585 1187 1616 pro-

213 1639 289 1676 pter
310 1629 383 1662 eius
408 1626 593 1665 meritum,
621 1631 653 1658 et
676 1635 736 1668 per
759 1635 856 1663 eum,
880 1621 1049 1656 habemns
1066 1623 1188 1655 remis-

213 1683 347 1715 sionem
371 1682 610 1721 peccatorum‚
638 1681 671 1708 et
696 1675 903 1717 imputatam
929 1673 1120 1713 iustIciam,
1154 1684 1188 1705 et

213 1729 440 1764 donationem
458 1725 609 1769 Spiritus
627 1723 755 1763 sancti,
781 1729 819 1755 ut
843 1729 981 1756 aeterna
998 1723 1068 1756 vita
1083 1729 1115 1755 et
1133 1722 1189 1755 iu—

216 1780 312 1814 sticia
331 1779 368 1810 in
384 1776 486 1809 nobis
502 1775 742 1807 restituantur.
787 1771 881 1805 Haec
900 1773 1018 1805 omnia
1035 1772 1189 1815 comple-

214 1842 277 1864 xus
301 1835 350 1861 est
367 1834 400 1859 et
417 1823 610 1863 Iohannes,
640 1823 818 1867 inquiens:
850 1822 921 1864 Qui
943 1820 1048 1855 habet
1064 1823 1187 1861 filium,

215 1880 322 1913 habet
346 1877 472 1915 vitam,
504 1875 534 1909 1.
553 1872 674 1908 lohan.
697 1873 732 1908 5.
787 1871 945 1906 Habetur
972 1879 1087 1905 autern
1112 1872 1191 1911 fide,

217 1941 285 1974 qua
300 1929 336 1961 fit
354 1924 545 1960 consolatio
564 1924 601 1955 in
619 1923 708 1955 veris
725 1922 919 1961 doloribus,
945 1934 1022 1955 cum
1037 1922 1119 1954 fides
1136 1922 1192 1953 in-

217 1985 334 2014 tuetur
357 1975 536 2009 Christum
564 1984 721 2017 passum,
754 1972 1015 2012 resuscitatum,
1042 1982 1193 2014 regnan-

218 2038 298 2068 tem,
315 2025 595 2069 interpellantem
613 2034 674 2066 pro
692 2022 807 2061 nobis,
824 2028 855 2054 et
866 2021 1099 2054 vivificantem
1118 2032 1193 2059 nos,

220 2081 308 2113 sicut
332 2083 365 2109 et
385 2076 428 2108 ad
451 2071 693 2116 Philippenses
717 2073 752 2106 3.
777 2071 922 2111 dicitur,
948 2070 997 2105 L't
1014 2069 1193 2105 Christum

221 2126 453 2164 lucrifaciam,
481 2131 513 2156 et
530 2123 691 2155 inveniar
707 2122 743 2153 in
762 2133 821 2161 eo,
848 2133 921 2153 non
942 2118 1075 2153 habens
1095 2121 1196 2154 iusti-

225 2180 333 2216 ciam,
363 2186 450 2219 quae
477 2179 527 2206 est
552 2185 591 2205 ex
616 2172 705 2214 lege,
738 2171 796 2203 sed
824 2183 916 2211 eam,
951 2183 1038 2214 quae
1061 2178 1111 2204 cst
1134 2182 1196 2214 per

224 2228 327 2260 fidem
353 2223 504 2263 Christi,
539 2233 626 2267 quae
650 2228 699 2254 est
722 2220 858 2253 iusticia
891 2232 930 2252 ex
952 2220 1025 2253 Deo
1056 2227 1197 2264 propter

224 2278 346 2314 sidem,
372 2275 415 2306 ad
439 2272 697 2315 agnoscendum
720 2282 798 2303 eum
819 2277 851 2303 et
872 2271 1063 2313 potentiam
1083 2282 1197 2303 resur-

227 2324 393 2359 rectionis
414 2323 498 2355 eius.
533 2321 622 2355 Cum
641 2321 706 2358 ait,
735 2332 820 2364 quae
840 2327 889 2352 est
904 2320 1040 2353 iusticia
1059 2331 1098 2352 ex
1113 2320 1198 2361 Deo,

229 2382 318 2410 certe
342 2384 414 2405 non
440 2372 603 2413 intelligit
626 2370 841 2404 essentialem
863 2370 899 2402 in
919 2369 1013 2409 Deo,
1040 2370 1097 2402 sed
1116 2368 1199 2403 haec

231 2423 368 2463 omnia,
395 2421 634 2454 remissionem
652 2426 887 2464 peccatorum,
914 2420 1118 2463 imputatam
1146 2421 1199 2453 iu-

231 2474 384 2512 sticiam,
413 2477 445 2504 et
459 2471 630 2503 incoatam
647 2477 822 2502 aeternam
841 2470 948 2503 vitam
970 2477 1002 2504 et
1018 2470 1200 2508 iusticiam,

232 2535 319 2570 quae
335 2527 453 2566 postea
476 2520 785 2554 consummabitur.

331 2575 466 2612 XLIII.
493 2575 633 2609 Dictum
651 2583 699 2609 cst
716 2578 757 2609 de
774 2577 1030 2617 consolatione,
1055 2590 1120 2622 qua
1136 2578 1202 2611 fide

236 2634 275 2666 in
292 2629 382 2664 veris
399 2627 604 2673 pavoribus,
630 2626 663 2659 id
688 2632 758 2667 est,
786 2627 910 2661 fiducia
932 2629 995 2661 filii
1013 2628 1075 2663 Dei
1099 2629 1204 2671 gratis

953 104 1446 143 PROPOSITIONES.

2117 110 2192 146 412

1221 192 1409 236 accipimus
1424 188 1663 224 remissionem
1682 198 1911 235 peccatorum,
1925 193 2191 239 imputationem

1223 242 1400 279 iusfieiae,
1431 240 1659 274 donationem
1688 241 1840 285 Spiritus
1863 243 1992 285 sancti,
2030 251 2063 278 et
2086 245 2194 279 vitam

1223 299 1410 326 aeternam.
1450 288 1551 322 Hanc
1566 291 1839 326 consolationem
1854 304 1926 327 esse
1940 305 2059 327 vocem
2074 293 2194 329 Evan-

1224 342 1304 386 gelii
1321 339 1411 373 nihil
1426 340 1574 373 dubium
1589 347 1649 375 est.

1326 390 1427 423 Nunc
1454 390 1615 423 addenda
1642 397 1692 423 est
1717 391 1876 426 doctrina
1900 394 1943 426 de
1976 392 2131 427 novitate
2162 401 2195 427 et

1225 441 1327 476 bonis
1350 440 1523 484 operibus,
1573 439 1615 472 In
1639 440 1713 484 ipsa
1730 442 1986 484 consolatione,
2012 443 2050 476 in
2073 454 2142 489 qua
2157 442 2196 476 fit

1226 491 1383 525 remissio
1410 496 1629 534 peccatorum
1641 514 1651 528 ‚
1692 501 1772 523 vere
1799 491 1838 524 fit
1858 493 2071 535 regeneratio
2083 516 2092 531 ,
2128 504 2196 537 qua

1227 554 1286 575 cor
1304 541 1339 573 in
1362 540 1549 584 pavoribus
1565 540 1779 579 vivificatur,
1806 548 1845 574 ut
1861 540 1984 576 Roma.
2001 542 2034 575 8.
2050 542 2194 576 dicitur:

1227 590 1420 634 Accepistis
1438 589 1609 633 Spiritum
1623 590 1825 634 adoptionis
1840 591 2014 632 filiorum,
2040 603 2109 635 quo
2127 592 2198 625 cla-

1228 651 1373 680 mamus,
1392 638 1496 673 Abba
1512 646 1620 683 pater.
1651 639 1698 674 Et
1715 638 1834 675 Galat.
1848 640 1897 676 3.:
1933 640 1980 675 Ut
1996 640 2201 685 promissio-

1228 703 1308 724 nem
1326 690 1476 733 Spiritus
1494 690 1701 733 accipiamus
1718 701 1779 734 per
1796 691 1913 727 fidem.
1963 689 2011 724 Et
2020 689 2197 726 Galat.4.;

1229 741 1329 776 Misit
1344 740 1437 774 Deus
1453 739 1625 783 Spiritum
1643 740 1707 772 filii
1723 741 1775 774 sui
1794 741 1831 774 in
1846 741 1951 774 corda
1966 747 2102 781 nostra,
2128 741 2198 773 cla—

1230 798 1383 824 mantem
1400 788 1502 824 Abba
1518 796 1627 834 pater.
1680 789 1731 824 Ita
1748 791 1841 823 enim
1862 791 1956 824 tollit
1972 797 2151 834 peccatum
2168 797 2201 823 et

1230 848 1377 874 mortem
1393 840 1484 873 filius
1501 839 1586 880 Dei,
1607 846 1640 873 et
1656 851 1719 873 nos
1737 851 1844 883 regno
1858 840 2001 874 Diaboli
2016 840 2137 884 eripit,
2161 846 2201 874 ut

1230 902 1371 936 prorsus
1393 890 1523 924 abolito
1547 896 1687 934 peccato
1711 896 1744 923 et
1760 891 1872 924 deleta
1889 897 2019 929 morte,
2044 890 2202 924 restituat

1231 942 1268 974 in
1283 941 1386 974 nobis
1400 941 1506 974 vitam
1516 946 1705 981 aeternam,
1720 940 1815 974 iuxta
1826 940 1886 973 illa
1899 940 1991 974 dicta
2000 938 2113 974 Oscae
2129 939 2204 972 13.:

1232 990 1266 1024 O
1285 1002 1380 1024 mors
1395 1002 1453 1023 ero
1470 1001 1563 1023 mors
1580 997 1638 1023 tua
1650 1016 1659 1030 ‚
1686 996 1718 1023 et
1735 1002 1755 1022 o
1771 990 1907 1023 inferne
1924 1002 1983 1024 ero
2004 990 2109 1034 pestis
2133 996 2205 1024 tua.

1233 1040 1320 1074 Item
1349 1042 1378 1075 1.
1400 1037 1588 1075 Iohan.5.:
1633 1039 1705 1082 Qui
1730 1038 1836 1073 habet
1863 1040 1996 1080 filium,
2022 1038 2126 1074 habet
2150 1038 2204 1071 vi-

1231 1097 1312 1123 tam.
1366 1088 1510 1122 Necesse
1533 1095 1584 1122 est
1607 1095 1723 1122 autem
1746 1090 1783 1122 in
1808 1088 1873 1123 hac
1893 1090 2033 1123 mortali
2055 1089 2126 1123 vita
2149 1089 2206 1121 in-

1233 1139 1326 1172 coari
1341 1138 1551 1179 novitatem,
1577 1137 1673 1171 iuxta
1698 1136 1783 1171 haec
1803 1139 1895 1173 dicta
1921 1141 1957 1172 2.
1974 1137 2136 1174 Corinth.
2152 1138 2204 1173 5.:

1234 1189 1555 1233 Superinduemur,
1590 1189 1619 1220 si
1642 1195 1757 1221 tamen
1781 1200 1854 1221 non
1880 1188 1967 1222 nudi
1982 1188 2206 1232 reperiemur.

1236 1238 1323 1272 Item
1339 1236 1485 1281 Apocal.
1500 1239 1550 1272 2:
1578 1235 1663 1271 Esto
1684 1238 1795 1270 fidelis
1811 1249 1921 1283 usque
1936 1239 1980 1272 ad
1996 1245 2155 1272 mortem.

1334 1286 1464 1319 XLIV.
1492 1286 1625 1319 Verum
1642 1293 1710 1325 est,
1738 1294 1872 1330 patrem
1888 1295 1921 1320 et
1938 1288 2051 1321 filium
2075 1288 2208 1331 spirare

1236 1335 1408 1381 Spiritum
1423 1343 1579 1369 sanctum
1596 1336 1633 1368 in
1649 1337 1754 1369 corda
1772 1337 2004 1375 credentium,
2031 1337 2069 1370 in
2085 1348 2209 1371 conso-

1236 1387 1382 1426 latione,
1408 1386 1451 1418 de
1467 1397 1534 1430 qua
1550 1386 1682 1419 dictum
1700 1393 1768 1427 est,
1795 1393 1828 1419 et
1841 1387 1926 1419 alias
1942 1387 2149 1420 nominatim
2167 1389 2209 1421 de

1236 1444 1332 1480 patre
1349 1436 1488 1475 dicitur,
1510 1436 1594 1467 alias
1611 1436 1652 1467 de
1670 1436 1753 1475 filio,
1779 1442 1818 1469 ut
1835 1436 1928 1478 apud
1944 1436 2106 1468 Paulum:
2135 1436 2209 1470 Mi-

1236 1486 1279 1518 sit
1289 1484 1381 1518 Deus
1392 1484 1564 1527 Spiritum
1580 1484 1644 1515 filii
1663 1485 1726 1524 sui,
1744 1483 1859 1517 Galat.
1869 1483 1904 1520 4.
1930 1482 1978 1518 Et
1996 1483 2119 1521 Iohan.
2133 1485 2206 1522 14,;

1236 1534 1383 1576 Rogabo
1400 1540 1533 1576 patrem
1546 1559 1555 1573 ,
1580 1539 1613 1565 et
1628 1533 1735 1566 alium
1759 1534 1971 1576 paracletum
1987 1535 2084 1569 dabit
2097 1536 2208 1571 vobis.

1237 1585 1293 1617 De
1309 1583 1380 1615 filio
1398 1583 1435 1614 in
1450 1582 1547 1616 Actis
1564 1582 1702 1623 dicitur,
1726 1595 1799 1626 cap.
1815 1585 1864 1618 2:
1890 1581 2018 1618 Dextra
2034 1583 2100 1618 Dei
2116 1587 2209 1619 exal-

1237 1640 1329 1668 tatus
1346 1633 1612 1675 promissionem
1631 1633 1738 1665 sancti
1756 1632 1908 1676 Spiritus
1927 1634 2099 1678 accipiens
2115 1647 2133 1668 a
2149 1647 2210 1679 pa·-

1239 1691 1291 1718 tre
1308 1683 1432 1715 effudit
1453 1693 1542 1714 eum.
1576 1680 1624 1714 Et
1642 1679 1764 1715 lohan.
1783 1681 1839 1716 15.
1853 1683 2117 1727 coniunguntur
2131 1696 2210 1728 per-

1239 1744 1359 1767 sonae:
1388 1730 1476 1765 Cum
1492 1731 1626 1764 venerit
1643 1733 1847 1775 paracletus,
1874 1745 1978 1777 quem
1995 1745 2057 1777 ego
2075 1735 2210 1768 mittam

1241 1796 1259 1816 a
1277 1789 1374 1827 patre
1385 1808 1393 1821 ,
1420 1781 1591 1824 Spiritum
1607 1782 1761 1814 veritatis
1773 1806 1781 1819 ,
1809 1782 1869 1827 qui
1885 1794 1904 1816 a
1920 1789 2017 1827 patre
2042 1786 2210 1828 procedit.

1241 1832 1323 1866 Ideo
1352 1832 1390 1864 in
1410 1828 1566 1864 Iohanne
1590 1831 1733 1871 dicitur,
1762 1843 1834 1875 cap.
1854 1831 1927 1867 14.:
1962 1832 2151 1868 Veniemus
2167 1837 2209 1868 ad

1242 1894 1332 1922 eum,
1349 1888 1381 1914 et
1398 1881 1614 1913 mansionem
1633 1882 1723 1924 apud
1741 1893 1819 1915 eum
1835 1883 2011 1919 faciemus.
2045 1882 2090 1918 Et
2109 1886 2212 1918 corda

1243 1933 1280 1965 in
1302 1931 1471 1975 petitione
1495 1931 1698 1964 intueantur
1719 1939 1825 1965 totam
1843 1932 2078 1974 divinitatem,
2105 1942 2137 1968 et
2154 1946 2212 1978 pe-

1244 1988 1319 2016 tant
1336 1988 1478 2025 propter
1497 1980 1607 2013 filium
1624 1980 1689 2014 Dei
1709 1981 1878 2025 Spiritum
1894 1989 2062 2017 sanctum.

1346 2030 1456 2066 XLV.
1496 2030 1647 2074 Spiritus
1668 2038 1805 2065 sanctus
1830 2032 1896 2066 ciet
1921 2033 1958 2065 in
1982 2034 2085 2066 corde
2099 2042 2212 2068 motus

1246 2087 1473 2123 congruentes
1488 2092 1566 2113 cum
1584 2081 1656 2123 lege
1666 2080 1749 2120 Dei,
1774 2082 1854 2116 ideo
1868 2083 1997 2117 dicitur
2008 2082 2210 2117 Ierem.31.:

1246 2132 1345 2166 Dabo
1361 2131 1471 2173 legem
1488 2142 1600 2163 meam
1626 2132 1662 2163 in
1683 2133 1787 2165 corda
1803 2145 1935 2167 eorum.
1988 2131 2032 2166 Et
2047 2132 2150 2167 Rom.
2163 2134 2211 2168 8„

1247 2181 1341 2216 Deus
1373 2181 1465 2213 misit
1496 2181 1606 2213 filium
1632 2182 1668 2213 in
1692 2182 1924 2215 similitudine
1946 2183 2077 2223 carnis,
2115 2190 2147 2216 et
2172 2185 2215 2216 de

1248 2237 1386 2276 peccato
1409 2231 1586 2264 damnavit
1610 2238 1805 2274 peccatum,
1847 2239 1885 2265 ut
1915 2233 2128 2275 compleatur
2162 2235 2215 2267 ius

1248 2281 1332 2323 legis
1351 2281 1387 2314 in
1404 2281 1521 2317 nobis,
1550 2281 1583 2313 id
1605 2288 1672 2321 est,
1698 2289 1736 2315 ut
1754 2282 1945 2314 solveretur
1961 2282 2075 2316 debita
2093 2295 2216 2325 poena,

1250 2338 1282 2364 ct
1299 2332 1399 2363 nobis
1418 2331 1552 2363 iusticia
1571 2331 1772 2374 imputetur,
1796 2337 1827 2363 et
1846 2332 1882 2363 in
1899 2331 2000 2363 nobis
2015 2333 2217 2367 restituatur

1250 2382 1447 2423 integritas,
1486 2381 1623 2425 qualem
1653 2381 1705 2413 lex
1737 2380 1912 2415 describit.
1964 2380 2059 2414 Idem
2090 2383 2217 2416 dicitur

1252 2429 1393 2465 Zachar.
1416 2431 1487 2464 12:
1522 2429 1712 2463 Effundam
1728 2442 1829 2473 super
1849 2431 1992 2463 domum
2009 2431 2121 2465 David
2136 2432 2218 2476 Spi-

1252 2482 1356 2514 ritum
1375 2481 1503 2523 gratiae
1519 2487 1552 2513 et
1568 2491 1718 2523 precum.
1770 2479 1921 2523 Spiritus
1943 2488 2080 2515 sanctus
2103 2484 2218 2516 nomi-

1254 2538 1357 2564 natur
1371 2531 1523 2573 Spiritus
1538 2530 1684 2572 gratiae,
1710 2530 1790 2573 quia
1810 2530 1846 2561 in
1863 2531 2099 2564 consolatione
2122 2534 2217 2565 testi-

1253 2582 1374 2614 ficatur
1388 2592 1451 2613 nos
1467 2591 1536 2612 esse
1554 2581 1589 2611 in
1607 2579 1727 2622 gratia,
1755 2591 1833 2612 cum
1850 2580 2037 2614 eluctantes
2056 2592 2095 2614 ex
2112 2593 2217 2625 pavo-

1254 2631 1369 2669 ribus,
1397 2629 1644 2674 acquiescimus
1669 2630 1706 2661 in
1722 2628 1796 2663 Deo
1818 2641 1881 2673 per
1902 2631 2144 2671 mediatorem,
2173 2634 2219 2664 si-
