2324 2955
146 94 220 131 647

151 192 237 215 num
259 186 291 214 et
315 179 509 213 seculorum
536 173 701 218 exemplis
724 179 758 207 et
772 171 970 206 autoritati:
997 171 1066 207 Hic
1082 180 1133 207 est

151 231 244 265 filius
275 241 371 263 meus
403 227 569 263 dilectus,
600 222 695 257 hunc
727 223 855 257 audite.

154 292 290 326 cunque
307 278 401 312 aliud
418 275 652 319 Evangelium
670 275 789 313 docet,
817 271 1003 308 anathema
1017 274 1072 308 sit.

258 329 316 362 11.
349 326 505 360 Multum
527 326 737 360 adiuvamur
761 336 862 358 verae
884 322 1061 358 Ecclesiae
1083 331 1137 358 te-

155 379 349 418 stimoniis,
384 377 471 411 sicut
503 382 725 421 praeceptum
755 382 827 416 est,
858 382 897 408 ut
929 376 1138 408 infirmiores

156 443 174 464 a
194 428 408 462 firmioribus
427 429 637 464 doceantur,
665 433 697 459 et
713 426 910 469 erigantur,
937 438 976 459 ac
993 427 1138 459 manda-

157 490 231 515 tum
256 479 417 512 divinum
442 485 510 517 est,
537 484 577 512 ut
593 476 786 510 Ecclesiam
807 476 991 510 audiamus
1010 477 1140 510 doctri-

158 542 252 571 cem,
281 529 369 563 sicut
391 529 558 573 scriptum
583 534 647 561 est:
674 526 751 560 Nisi
775 527 885 561 vitula
909 539 985 560 mea
1010 539 1141 560 arasse-

159 581 221 622 tis,
248 592 321 613 non
344 579 572 612 invenissetis.
627 577 693 611 Sed
720 584 836 610 tamen
861 578 1073 612 conferenda
1093 584 1143 611 est

159 644 226 664 vox
250 630 451 664 docentium
477 630 520 663 ad
535 640 713 668 normam,
742 635 775 661 et
793 629 877 661 fides
893 629 1021 662 nititur
1036 629 1142 661 verbo

159 681 238 716 Dei.
290 679 361 713 Nec
381 687 517 713 tantum
542 677 626 712 haec
648 691 768 712 recens
786 686 817 711 et
833 679 1016 713 barbarica
1033 679 1144 712 collu-

160 732 234 764 vies
260 729 536 764 sacrificulorum
559 736 591 762 et
615 727 870 762 monachorum
893 729 1146 763 consideranda

163 789 231 819 est,
260 782 316 814 sed
336 781 499 814 universa
517 780 706 824 antiquitas
723 778 918 821 Ecclesiae,
946 787 978 814 et
993 780 1147 814 delectus

163 830 384 865 adhibendus
404 837 464 864 est.

269 883 323 916 12.
365 881 490 915 Sciunt
513 877 723 926 Staphylus,
751 879 932 921 canisius,
960 880 1091 914 Hosius
1115 887 1148 913 et

163 932 222 966 alii
247 931 411 976 plurimi,
438 931 499 976 qui
524 932 719 965 defendunt
742 932 837 965 idola
860 932 1057 976 pontificia,
1082 932 1148 964 fal-

165 983 342 1016 sissimum
378 993 468 1022 esse,
509 982 604 1027 quod
640 982 817 1022 iactitant,
861 982 1148 1016 consuetudinem

165 1031 272 1066 huius
303 1032 470 1075 temporis
494 1032 530 1064 in
552 1043 615 1065 suo
639 1039 758 1073 coetu,
793 1044 1001 1065 consensum
1027 1043 1150 1076 perpe-

166 1091 265 1117 tuum
291 1094 362 1116 esse
379 1081 572 1122 Ecclesiae,
599 1082 713 1115 sciunt
732 1094 823 1115 nova
843 1082 938 1115 idola
959 1082 1150 1125 excogitata

168 1145 239 1166 esse
271 1139 304 1166 et
332 1133 502 1173 stabiliri,
535 1143 623 1177 quae
653 1138 806 1166 vetustas
831 1132 948 1165 vicina
972 1131 1151 1176 Apostolis

166 1194 310 1228 prorsus
326 1183 515 1226 ignoravit,
537 1183 573 1215 in
593 1195 745 1227 quorum
762 1182 965 1215 defensione
983 1194 1061 1215 cum
1079 1194 1151 1214 ma-

167 1234 291 1267 nifeste
321 1240 442 1266 contra
475 1233 723 1266 conscientiam
753 1244 851 1266 suam
874 1239 993 1276 agant,
1029 1232 1152 1276 deplo-

168 1284 270 1317 randi
290 1290 381 1319 sunt.

274 1334 329 1368 13.
364 1332 453 1367 Cum
470 1334 686 1378 praedictum
701 1334 756 1375 sit,
782 1345 925 1377 magnas
942 1333 1152 1378 opinionum

171 1384 392 1418 confusiones
409 1384 446 1415 in
463 1384 585 1417 ultima
602 1391 634 1417 et
650 1384 760 1417 delira
776 1385 900 1417 mundi
916 1391 1052 1417 senecta
1069 1384 1154 1423 fore,

171 1446 308 1468 necesse
338 1441 388 1468 est
415 1434 552 1467 consuli
577 1434 704 1478 scripta
728 1432 932 1478 prophetica
958 1441 990 1468 et
1014 1441 1154 1478 aposto-

171 1487 254 1526 lica,
287 1485 382 1518 iuxta
414 1484 547 1518 dictum
574 1482 744 1518 Iohannis
766 1486 837 1520 14.:
872 1485 910 1519 Si
938 1485 1016 1530 quis
1039 1484 1155 1526 diligit

171 1548 227 1570 me
240 1563 248 1577 ,
276 1546 472 1568 sermonem
489 1547 604 1568 meum
624 1535 796 1577 servabit,
823 1543 856 1570 et
873 1542 970 1579 pater
986 1546 1084 1568 meus
1100 1535 1154 1567 di-

173 1588 256 1629 liget
285 1597 383 1626 eum,
416 1592 449 1618 et
476 1586 519 1618 ad
544 1597 621 1619 eum
646 1586 844 1627 veniemus,
878 1593 911 1619 et
936 1585 1155 1618 mansionem

174 1638 265 1681 apud
283 1648 363 1669 eum
378 1635 554 1669 faciemus.

279 1686 335 1720 14.
374 1684 421 1720 Et
449 1687 600 1729 agnitam
625 1687 806 1720 veritatem
834 1686 997 1730 amplecti
1020 1696 1157 1718 necesse

175 1745 242 1775 est,
279 1737 360 1781 quia
390 1737 557 1770 terribilis
586 1737 758 1770 sententia
789 1737 922 1779 prolata
954 1743 1004 1770 est
1035 1743 1157 1769 contra

175 1785 414 1831 blasphemos,
442 1784 656 1822 Matth.12.:
684 1785 1070 1831 BlasphemiaSpiritus
1086 1799 1158 1819 non

176 1838 373 1872 remittetur
389 1834 603 1870 hominibus.

284 1887 341 1924 15,
381 1885 428 1921 Et
456 1888 746 1921 contumeliosum
770 1894 820 1920 est
843 1888 1008 1920 adversus
1033 1886 1158 1927 Deum,

179 1939 310 1979 dicere,
338 1937 465 1980 Legem
481 1939 660 1978 moralem,
687 1936 865 1972 Articulos
882 1938 983 1980 fidei,
1008 1937 1158 1981 promis-

177 1991 311 2023 sionem
338 1988 468 2031 gratiae
484 1995 517 2021 et
534 1996 693 2022 aeternae
710 1983 884 2022 salutis'in
900 2000 1060 2021 sermone
1076 2001 1158 2032 pro-

175 2037 314 2084 phetico
340 2045 372 2073 et
396 2039 586 2082 apostolico
611 2051 682 2072 esse
703 2040 865 2082 ambigua
891 2046 924 2072 et
950 2039 1080 2072 incerta
1104 2039 1159 2071 di-

176 2097 245 2129 cta,
278 2098 316 2123 ut
348 2096 450 2123 notae
482 2090 647 2122 confusae
675 2097 773 2123 erant
806 2090 842 2122 in
871 2089 966 2122 foliis
992 2089 1158 2135 Sibyllae,

177 2142 263 2175 sicut
279 2137 468 2185 Staphylus
484 2141 706 2174 vociferatur.

280 2191 335 2223 16.
372 2190 609 2223 Adfirmamus
634 2191 738 2234 igitur
762 2203 826 2224 nos
850 2191 1009 2235 amplecti
1031 2191 1158 2234 scripta

178 2239 379 2284 prophetica
411 2248 442 2274 et
467 2241 676 2285 apostolica,
710 2249 741 2275 et
766 2242 908 2286 quidem
933 2242 968 2274 iu
994 2239 1056 2274 hac
1086 2241 1157 2285 ipsa

180 2291 368 2329 sententia,
395 2304 481 2335 quae
506 2292 543 2324 in
570 2293 737 2336 symbolis
762 2303 919 2335 expressa
946 2299 1015 2331 est,
1042 2298 1073 2325 et
1094 2304 1158 2325 nos

178 2353 257 2374 vere
276 2342 365 2373 cives
385 2353 454 2373 csse
469 2339 645 2375 Ecclesiae
660 2340 812 2382 Christi,
837 2350 869 2376 et
887 2353 967 2376 vere
985 2340 1185 2398 Ecclesias

177 2398 331 2430 nostras,
359 2403 505 2434 quarum
532 2400 623 2426 extat
645 2393 815 2426 consessio
840 2391 992 2426 exhibita
1019 2405 1036 2425 a
1063 2392 1157 2426 Duce
1182 2405 1184 2412 ’

179 2441 350 2475 Saxonise
372 2440 530 2474 Ele-„tore
547 2440 704 2475 Iohanne
724 2451 756 2477 et
777 2441 982 2485 Mart-bione
998 2442 1183 2480 Brande-

177 2491 342 2533 burgensi
360 2490 532 2530 Georgii),
559 2499 587 2525 et
607 2493 683 2525 aliis
700 2494 910 2538 quibusdam
928 2495 961 2526 in
981 2501 1156 2527 conventu

177 2541 401 2585 Augustano,
428 2539 523 2572 Auni
543 2541 650 2577 1530.
672 2555 742 2576 esse
762 2552 891 2587 partein
908 2543 1082 2578 Ecclesiae
1099 2557 1155 2577 ca-
1180 2542 1182 2561 ³

178 2590 326 2625 thelicae
342 2589 494 2630 Christi,
523 2598 555 2624 et
576 2592 703 2626 iniuste
727 2596 828 2627 nobis
848 2595 973 2633 obiici,
1001 2607 1064 2629 nos
1083 2606 1153 2629 esse

176 2644 369 2676 desertores
386 2640 560 2676 Ecclesiae
578 2649 609 2675 et
627 2640 850 2678 schismatum
868 2653 1014 2679 autores.

912 84 1399 123 DISPUTATIONES

2091 89 2167 124 648

1289 171 1346 206 17.
1387 168 1480 211 Sunt
1495 170 1592 204 enim
1610 168 1838 206 schismatum
1862 178 1896 207 et
1920 174 2170 211 scandalorum

916 222 1022 265 Item,
1054 224 1135 269 qui·
1186 229 1344 263 autores,
1379 220 1514 254 etiamsi
1538 222 1754 255 ordinariam
1778 220 1910 257 habent
1934 225 2173 265 autoritatem,

1187 274 1342 318 plurium
1359 272 1560 305 seculorum
1578 280 1612 305 et
1632 273 1871 307 multitudinis
1899 274 2083 317 suffragia,
2110 276 2173 320 qui

1189 323 1267 356 voci
1285 323 1427 356 divinae
1444 323 1697 365 adversantur,
1729 324 1819 358 sicut
1834 323 1932 358 Elias
1956 325 2057 359 dicit:

1190 386 1251 418 ego
1272 374 1376 407 turbo
1397 372 1523 412 lsrael,
1551 374 1610 406 sed
1629 380 1679 408 tu.

2091 324 2174 359 Non

1293 432 1354 467 18.
1389 430 1485 465 Haec
1511 432 1658 476 praefati
1683 443 1804 466 sumus
1827 433 1872 467 ad
1896 434 2176 468 consolationem

1191 483 1406 523 multorum,
1438 483 1498 527 qui
1523 483 1717 527 praestigiis
1735 481 2004 518 Pontificiorum
2028 485 2175 519 turban-

1192 542 1249 569 tur
1278 535 1321 567 de
1354 533 1531 566 ordinaria
1559 533 1764 574 autoritate,

1807 534 1850 567 de
1883 535 1979 577 longi
2010 536 2178 580 temporis

1195 584 1449 618 consuetudine
1491 590 1524 616 et
1565 584 1608 616 de
1652 581 1882 618 schismatum
1921 585 2179 619 calamitatibus

1196 636 1306 669 multa
1324 635 1453 677 tragice
1469 634 1753 670 vociferantium.

1298 685 1401 719 Nunc
1428 692 1462 718 et
1492 685 1604 729 capita
1633 686 1804 731 quaedam
1839 685 2021 720 doctrinae
2055 687 2181 720 recita-

1198 736 1327 770 bimus.

1304 794 1357 830 19.
1397 793 1615 828 Confitemur
1637 793 1674 825 in
1697 793 1769 826 filio
1793 793 1859 828 Dei
1882 792 2038 829 Domino
2062 802 2182 829 nostro

1202 846 1278 879 lesu
1295 843 1436 879 Christo
1461 851 1544 877 nato
1569 856 1608 877 ex
1635 844 1793 887 virgine,
1827 845 1914 878 duas
1935 858 2007 879 esse
2028 852 2184 887 naturas,

1200 894 1266 931 τὸν
1290 893 1401 944 λόγον
1425 895 1558 929 aeterni
1583 894 1692 938 patris
1716 901 1960 937 coaeternum,
2002 903 2034 930 et
2058 895 2184 930 hnma-

1202 959 1281 980 nam
1297 953 1458 980 naturam
1474 951 1661 979 assumtam
1679 956 1718 978 ex
1735 945 1884 1006 virgine,
1910 953 1942 980 et
1961 947 2185 980 adfirmamus

1203 998 1239 1030 in
1251 995 1418 1035 iohanne,
1437 1008 1515 1030 cum
1532 996 1678 1029 dicitur:
1700 994 1765 1029 Ἐν
1785 994 1913 1041 ang-17⁷,
1921 1009 1942 1030 ν
1957 994 1975 1030 ὁ
1982 994 2110 1054 ,²67⁰3'
2130 998 2185 1030 in-

1203 1048 1313 1089 telligi
1337 1054 1498 1090 oportere
1520 1043 1586 1092 5467
1589 1057 1632 1079 οι
1654 1042 1928 1091 ὑφιστάμενον,
1957 1047 2133 1080 viventem
2154 1055 2186 1081 et

1203 1097 1480 1139 intelligentem,
1513 1104 1546 1130 et
1569 1102 1769 1128 constanter
1791 1097 2000 1130 damnamus
2023 1097 2187 1131 Samosa-

1203 1153 1345 1184 tenum,
1387 1145 1589 1186 Servetum,
1628 1143 1827 1190 Conyzarn,
1870 1152 1903 1180 et
1935 1146 2084 1188 similes,
2127 1148 2188 1192 qui

1204 1203 1315 1230 astute
1331 1196 1479 1229 eludunt
1498 1196 1589 1228 dicta
1606 1192 1776 1228 Iohannis
1789 1222 1797 1237 ,
1833 1202 1866 1230 et
1881 1203 2010 1239 negant
2028 1204 2189 1242 oportere

1206 1247 1357 1288 intelligi
1375 1243 1486 1294 λόγον
1503 1242 1768 1291 ὑφιστάμενον.

1307 1306 1369 1341 20.
1398 1303 1497 1338 Duae
1514 1310 1597 1337 sunt
1615 1303 1867 1348 adpellationes
1890 1304 1972 1346 filii,
2001 1302 2107 1353 λόγος
2128 1305 2190 1341 καὶ

1206 1354 1333 1397 εἰκών,
1378 1366 1528 1400 quarum
1558 1354 1666 1387 altera
1699 1354 1854 1389 declarat
1875 1355 2034 1392 alteram.
2100 1355 2190 1390 Cum

1208 1408 1302 1441 enim
1321 1406 1365 1440 sit
1381 1403 1508 1446 εἰκών,
1535 1405 1761 1438 statuendum
1777 1412 1839 1446 est,
1865 1417 1936 1440 esse
1951 1402 2083 1454 λόγον,
2107 1408 2190 1452 quia

1209 1455 1317 1506 λόγος
1332 1464 1381 1491 est
1402 1457 1516 1499 imago
1534 1455 1746 1498 cogitatione
1762 1456 1890 1499 genita.

1308 1517 1370 1551 21.
1407 1514 1482 1548 Hac
1500 1514 1736 1548 declaratione
1760 1514 1896 1558 saepius
1914 1514 1969 1547 usi
1993 1521 2075 1548 sunt
2097 1521 2192 1548 vete-

1212 1578 1267 1601 res
1287 1567 1492 1610 scriptores,
1526 1565 1586 1597 sed
1610 1570 1701 1597 extat
1726 1570 1758 1597 et
1781 1561 1866 1597 haec
1889 1565 1982 1608 apud
1999 1563 2191 1598 Nazianze-

1209 1629 1314 1654 num,
1356 1615 1423 1648 dici
1449 1611 1579 1661 λόγον,
1622 1613 1704 1659 quia
1733 1614 1779 1647 sit
1810 1626 1959 1658 persona
1989 1615 2191 1648 immediate

1209 1667 1388 1712 proferens
1400 1664 1633 1708 Evangelium
1653 1675 1693 1696 ex
1712 1664 1792 1697 sinu
1810 1664 1937 1708 patris,
1965 1665 2060 1709 quod
2072 1662 2193 1708 Ange-

1210 1718 1252 1751 lis
1270 1724 1303 1750 et
1328 1714 1533 1749 hominibus
1557 1715 1715 1757 ignotum
1739 1720 1823 1749 erat.
1883 1714 1979 1748 Haec
2003 1715 2192 1749 declaratio

1210 1768 1357 1802 illustris
1375 1773 1436 1805 est,
1464 1773 1496 1799 et
1512 1765 1620 1806 magis
1636 1764 1785 1807 intelligi
1802 1771 1934 1808 potest,
1961 1771 1993 1798 et
2011 1765 2112 1799 docet
2128 1777 2192 1799 nos

1211 1820 1252 1852 de
1280 1819 1450 1851 immenso
1474 1815 1642 1848 beneficio
1668 1813 1752 1855 Dei,
1788 1816 1882 1859 qnod
1907 1815 1998 1849 filius
2021 1816 2065 1848 ab
2090 1816 2193 1850 initio

1214 1870 1257 1902 ad
1269 1867 1459 1901 Ecclesiam
1477 1866 1602 1898 missus
1619 1865 1680 1904 sit,
1708 1871 1741 1898 et
1758 1866 1931 1899 allocutus
1947 1866 1991 1899 sit
2008 1873 2133 1910 patres,
2161 1874 2194 1900 et

1211 1919 1482 1963 promissionem
1499 1915 1708 1961 patefecerit.
1764 1914 1881 1958 Quare
1907 1922 1939 1949 et
1964 1916 2037 1960 ipse
2061 1916 2192 1961 inquit:

1211 1968 1278 2015 τὴν
1298 1967 1415 2014 ἀρχὴν
1433 1966 1485 2002 ὅτι
1501 1964 1562 2001 καὶ
1580 1967 1677 2000 λαλῶ
1692 1963 1795 2010 ὑμῖν.

1312 2028 1372 2061 22.
1416 2025 1632 2060 Damnamus
1661 2032 1694 2058 et
1717 2024 1888 2066 Arianos,
1928 2025 1989 2071 qui
2013 2025 2192 2060 dixerunt:

1212 2077 1278 2113 τὸν
1296 2075 1361 2125 267
1365 2090 1406 2112 ον
1422 2074 1474 2111 εἶι
1477 2088 1511 2110 αι
1530 2075 1568 2109 ἐκ
1584 2073 1634 2121 μὴ
1654 2074 1695 2110 ὄι
1699 2088 1774 2110 Tun
1781 2101 1791 2116 ‚
1821 2088 1858 2108 ac
1880 2075 1962 2110 laeti
1986 2075 2192 2110 invocamus

1212 2130 1323 2162 filium
1342 2128 1409 2162 Dei
1424 2134 1648 2161 coaeternum
1666 2126 1758 2171 patri
1775 2124 1837 2160 καὶ
1854 2122 2077 2171 ὃιιοούσιον,
2104 2127 2192 2160 sicut

1212 2180 1285 2224 ipse
1309 2179 1443 2224 inquit.
1487 2176 1613 2211 Χθηίῐε
1638 2178 1681 2210 ad
1704 2189 1760 2210 me
1785 2188 1906 2210 omnes
1930 2177 1990 2222 qui
2014 2177 2193 2210 laboratis.

1211 2229 1257 2265 Et
1276 2228 1479 2274 prophetica
1496 2236 1529 2262 et
1554 2228 1745 2272 apostolica
1770 2228 1940 2273 scriptura
1964 2228 2064 2260 docet
2091 2228 2192 2260 invo-

1212 2294 1239 2315 c.
1234 2283 1363 2376 uiduus]
1384 2292 1457 2314 esse
1474 2280 1597 2315 filium,

1416 2338 1541 2381 Onalis
1568 2338 1613 2371 sit
1642 2336 1817 2380 copulatio
1848 2335 1885 2367 in
1916 2333 2078 2376 Christo,
2130 2340 2192 2372 ιυῡ

1211 2388 1324 2438 ὶόγου
1339 2397 1371 2424 et
1389 2387 1563 2423 humanae
1582 2394 1745 2427 naturae,
1778 2387 1814 2418 in
1839 2386 1977 2420 coelesti
2001 2394 2190 2421 consuetu-

1210 2443 1292 2475 dine
1310 2441 1493 2475 discemus.

1209 2494 1267 2537 qni
1291 2492 1472 2526 contendit
1488 2497 1624 2524 tantum
1645 2487 1806 2520 societate
1828 2486 1970 2527 auxilii,
1998 2486 2062 2522 τὼ
2080 2485 2191 2535 λόγον

1209 2544 1244 2576 in
1263 2540 1403 2577 Christo
1421 2554 1508 2580 esse,
1536 2547 1574 2573 ut
1592 2538 1658 2572 fuit
1681 2537 1716 2570 in
1732 2535 1830 2577 Elia,
1858 2544 1917 2571 aut
1941 2515 2018 2570 aliis
2045 2540 2188 2573 sanctis

1207 2594 1275 2627 Sed
1297 2594 1382 2626 unio
1407 2599 1457 2626 est
1480 2588 1694 2635 hypostatica
1717 2589 1785 2622 τοῦ
1814 2585 1927 2634 λόγου
1955 2595 1987 2622 et
2011 2586 2189 2623 humanae

1206 2651 1350 2678 naturae
1367 2644 1586 2684 adsumptae,
1613 2645 1649 2672 ut
1670 2645 1821 2682 gestetur
1844 2637 1996 2673 humana
2016 2648 2140 2674 natura
2166 2651 2184 2673 a

1547 2440 1616 2473 Sed
1639 2443 1732 2471 certo
1755 2437 1963 2470 damnamus
1980 2436 2194 2479 Nestorium,
