2324 2955
94 118 165 153 201

197 199 332 235 Harum
350 213 468 235 rerum
486 200 670 236 historiam
690 215 767 236 cum
785 201 841 237 bis
864 203 987 236 diebus
1011 215 1074 236 au-

93 250 248 284 diremus
260 276 269 290 ‚
294 264 441 296 cumque
457 253 500 285 de
518 253 775 287 calamitatibus
791 255 927 296 generis
946 251 1071 287 huma—

93 300 150 341 ni,
177 308 210 334 et
231 303 274 335 de
292 314 410 335 earum
431 303 542 335 causis
558 304 666 336 multa
688 306 892 347 cogitarem,
918 316 990 336 non
1010 317 1073 348 po-

92 351 144 384 tui
176 363 249 385 non
279 352 462 395 deplorare
494 351 679 386 hominum
708 356 901 396 miseriam,
938 354 998 399 qui
1027 355 1068 387 ad

90 401 182 434 mala
199 398 391 445 αὐτόματα
406 409 445 435 ut
462 404 700 445 nominantur,
715 418 863 449 quorum
882 413 930 439 est
948 416 1071 447 magna

91 452 211 492 moles,
234 452 385 495 plurima
398 454 533 487 addunt
553 453 770 500 αὐθαίρετα,
799 468 885 500 quae
902 455 1070 488 mediocri

90 501 271 544 diligentia
296 503 399 536 vitari
426 510 457 537 et
487 511 666 548 poterant,
702 512 734 538 et
764 506 950 542 debebant.
1002 505 1069 539 Cui

89 558 245 585 vestrum
263 564 335 586 non
353 551 419 587 hoc
437 566 537 598 saepe
556 555 702 595 accidit,
731 557 823 600 quod
847 564 895 590 est
913 558 949 589 in
965 568 1068 590 versu

88 599 296 636 Homerico:

171 649 239 690 ἤτοι
262 651 310 681 καὶ
325 650 402 690 τάχα
416 651 478 691 ἴρος
496 650 597 691 ἄωρος
612 651 799 683 ἐπίσπαστον
813 653 907 684 κακὸν
924 653 992 690 ἕξει.

86 701 156 736 Sed
196 703 271 736 vult
308 715 373 736 nos
406 704 502 737 Deus
539 706 831 738 commonesactos
869 707 997 739 nostris
1036 714 1069 741 et

85 753 210 786 alienis
237 753 403 797 exemplis
425 765 611 796 agnoscere
634 755 874 789 infirmitatem
899 763 1067 796 nostram,

85 804 179 836 etad
208 802 425 846 diligentiam
449 805 640 848 adiungere
666 807 925 849 precationem,
954 813 993 840 ut
1011 808 1066 839 di-

84 853 216 886 vinitus
241 862 408 896 regantur
437 862 573 899 pectora
591 862 708 888 nostra
726 856 763 888 in
782 857 946 890 omnibus
959 869 1067 900 nego-

84 903 167 944 ciis,
201 903 290 937 sicut
313 905 481 948 scriptum
508 912 575 938 est:
621 906 701 939 Scio
720 906 888 947 Domine,
919 920 992 941 non
1016 915 1067 941 est

83 951 240 987 hominis
264 955 318 988 via
342 956 433 997 eius,
464 956 524 988 sed
549 954 644 989 Deus
677 957 736 990 dat
768 957 976 1001 sapientiam
1010 970 1066 991 sa-

81 1004 271 1048 pientibus.

184 1052 235 1087 Ac
252 1061 291 1088 ut
305 1055 348 1088 ad
374 1053 557 1089 hiStoriam
585 1057 745 1097 redeam,
772 1056 959 1090 Pontifices
981 1071 1066 1091 eon-

81 1111 214 1148 temptu
232 1104 296 1138 Dei
323 1106 413 1139 fiunt
436 1106 546 1146 caeci,
581 1119 687 1151 quare
714 1108 872 1141 furenter
897 1116 1004 1142 ruunt
1027 1110 1065 1141 in

81 1155 193 1188 multa
217 1156 364 1197 scelera,
391 1168 479 1201 quae
503 1168 633 1200 poenas
657 1155 849 1192 attrahunt.
902 1157 1063 1192 Colloca-

80 1212 166 1239 rnnt
190 1206 284 1239 idola
309 1206 347 1238 in
370 1204 581 1246 Ecclesiam,
616 1208 659 1240 de
685 1208 813 1252 quibus
840 1208 972 1242 dictum
999 1216 1063 1242 est:

79 1254 169 1290 Cum
192 1257 356 1290 videbitis
371 1263 520 1290 stantem
538 1257 574 1289 in
602 1258 677 1290 loco
693 1264 812 1291 sancto
829 1259 1063 1292 abominatio-

80 1318 160 1338 nem
183 1307 421 1345 vastatricem,
455 1306 524 1347 Qui
550 1307 632 1347 legit
658 1308 840 1348 intelligat.
903 1306 948 1341 Et
971 1310 1063 1341 veris

79 1355 183 1389 bonis
206 1356 349 1388 abiectis
373 1362 544 1399 quaerunt
564 1355 708 1398 imperia
728 1362 760 1389 et
776 1356 942 1388 obscenas
959 1358 1064 1390 volu-

79 1412 202 1450 ptates,
255 1403 386 1448 Estque
411 1405 628 1447 impudentia
645 1412 738 1437 tanta
753 1432 762 1444 ,
788 1413 825 1437 ut
843 1406 987 1439 fecerint
1003 1409 1062 1439 de-

79 1461 189 1494 creta,
217 1455 346 1498 quihus
370 1461 576 1493 sanxerunt,
604 1455 679 1485 iure
701 1454 823 1486 divino
842 1453 971 1497 Papam
990 1468 1061 1488 non

76 1505 191 1539 solum
205 1502 462 1548 Episeoporum
483 1514 657 1536 summum
676 1515 764 1543 esse,
792 1504 850 1535 sed
870 1504 972 1536 etiam
990 1504 1063 1538 Re-

77 1567 157 1599 gum
169 1553 383 1594 Dominum,
409 1561 441 1586 et
457 1566 519 1586 suo
537 1553 684 1587 arbitrio
702 1565 800 1597 posse
815 1555 916 1591 dare,
945 1561 975 1587 et
995 1556 1063 1587 eri-

75 1617 158 1650 pere
191 1616 296 1648 regna
327 1604 455 1649 quibus
478 1604 573 1636 velit.
633 1602 771 1636 Horum
798 1605 1061 1637 mendaciorum

76 1657 163 1690 adeo
191 1655 372 1688 manifesta
395 1661 444 1688 est
471 1654 604 1687 vanitas
619 1679 628 1692 ,
656 1662 694 1687 ut
717 1655 744 1686 si
768 1654 846 1698 quis
868 1655 950 1688 velit
968 1656 1062 1687 resn-

76 1714 168 1747 tare,
194 1705 354 1738 videatur
371 1704 406 1737 in
423 1704 570 1737 meridie
586 1702 753 1749 lychnum
771 1706 970 1740 accendere,
1015 1704 1061 1738 Et
1086 1710 1088 1716 ⁴

75 1764 192 1791 tamen
215 1762 253 1789 ut
279 1754 471 1800 Dionysius
493 1752 640 1788 habebat
664 1751 839 1794 κόλακας,
870 1756 928 1799 qui
953 1756 1061 1800 ipsius

75 1814 176 1851 sputa
208 1806 408 1849 lingebant,
443 1806 491 1838 sic
516 1805 593 1838 aula
618 1804 779 1839 Romana
807 1803 909 1838 habet
936 1803 1059 1839 harum

75 1857 287 1901 ineptiarum
319 1863 496 1899 patronos.
569 1853 766 1900 Aliquoties
800 1855 836 1887 in
869 1855 1059 1889 Germania

73 1908 217 1948 accidit,
243 1913 283 1940 ut
311 1904 377 1940 hoc
401 1912 581 1950 praetextu
603 1905 827 1950 Principibus
852 1918 923 1939 non
948 1907 1060 1946 malis,

74 1958 260 1993 Pontifices
294 1957 440 2001 imperia
463 1956 677 1997 ademerint,
719 1969 868 2001 cumque
893 1958 1059 1989 adversus

72 2008 268 2042 Hem-icum
294 2014 456 2052 quartum
477 2004 688 2051 Rodolpbus
707 2005 902 2051 imperator
925 2015 1059 2041 creatus

75 2065 180 2099 esset,
207 2058 310 2090 missa
335 2064 385 2091 est
409 2058 439 2090 ei
465 2069 614 2097 corona,
639 2057 676 2089 in
701 2069 768 2102 qua
794 2069 912 2090 versus
934 2058 1059 2090 inscri-

72 2116 154 2154 ptus
177 2108 260 2149 suit,
287 2120 357 2153 quo
381 2109 564 2141 ostendere
588 2106 680 2151 Papa
703 2108 833 2149 voluit,
860 2108 1058 2152 pontificiae

73 2158 254 2205 potestatis
276 2169 363 2198 esse,
390 2159 558 2201 abrogare
578 2164 611 2191 et
629 2159 764 2191 tradere
781 2159 938 2202 imperia.
991 2158 1057 2192 Pe-

73 2217 126 2244 tra
139 2209 239 2243 dedit
257 2207 360 2242 Petro
373 2235 382 2249 ‚
408 2207 533 2241 Petrus
550 2208 709 2241 diadema
725 2207 894 2243 Rodolso.

174 2258 299 2303 Qualis
321 2259 538 2303 impudentia
556 2265 606 2292 est
625 2258 739 2292 dicere
754 2257 934 2293 Christum
951 2257 1055 2292 Petro

73 2310 209 2345 dedisse
238 2309 368 2353 regiam
401 2315 627 2353 potestatem,
669 2321 730 2343 seu
759 2310 882 2344 mundi
914 2321 1058 2341 monar-

74 2359 188 2395 chiam
205 2371 283 2394 cum
300 2371 457 2404 expresse
473 2360 644 2393 discernat
663 2359 807 2403 imperia
823 2372 842 2394 a
855 2359 1056 2392 Ministerio

72 2410 278 2454 Evangelii,
306 2422 384 2444 cum
406 2410 538 2455 inquit:
566 2409 679 2453 Reges
697 2410 852 2453 gentium
869 2410 1055 2443 dominan-

72 2468 151 2503 tur,
175 2471 236 2493 vos
254 2466 368 2493 autem
385 2472 456 2494 non
473 2460 533 2496 sic.

174 2509 257 2544 Non
282 2510 357 2544 vult
378 2517 555 2554 praetextu
574 2508 761 2552 Evangelii
783 2509 926 2553 imperia
951 2521 1054 2543 occu-

74 2561 169 2606 pari,
192 2561 251 2593 sed
273 2560 348 2593 vult
370 2573 488 2594 vocem
509 2572 600 2599 esse,
626 2571 695 2604 qua
718 2560 789 2604 ipse
811 2560 855 2593 sit
877 2560 995 2593 efficax
1018 2560 1054 2592 in

74 2610 270 2650 mentibus,
297 2617 330 2643 et
354 2612 517 2644 accendat
540 2610 612 2643 veri
637 2610 702 2644 Dei
724 2610 959 2653 agnitionem,
986 2622 1053 2654 qua

527 117 687 153 DECL.
713 117 786 153 DE
821 115 1198 153 PONTIFICUM
1225 116 1564 154 AMBITIONE
1591 128 1673 154 ETC.

2034 125 2109 160 202

1125 201 1189 236 hac
1207 215 1288 236 voce
1307 203 1343 236 in
1359 216 1484 247 magna
1500 205 1706 238 confusione
1721 206 1856 248 generis
1871 203 2016 239 humani
2035 209 2106 241 col-

1124 253 1246 295 ligitur
1268 253 1422 287 Ecclesia
1446 256 1520 287 sine
1547 256 1671 296 armis,
1698 256 1735 288 in
1758 268 1825 300 qua
1847 256 1938 289 filius
1959 256 2023 290 Dei
2051 258 2106 290 in-

1124 302 1226 337 choat
1250 311 1424 337 aeternam
1453 305 1623 339 iusticiam
1649 313 1680 339 et
1705 306 1829 347 vitam,
1863 313 1895 340 et
1921 307 2003 340 sinit
2028 319 2105 340 cor-

1123 366 1208 397 pora
1230 354 1266 386 in
1285 352 1349 387 hac
1368 355 1437 388 vita
1455 367 1610 388 exercere
1628 356 1739 389 officia
1756 357 1977 390 oeconomica
1996 364 2026 390 et
2042 370 2106 400 po-

1122 404 1235 444 litica,
1262 417 1349 449 quae
1375 417 1447 438 non
1468 413 1549 439 sunt
1572 407 1632 440 illa
1656 413 1797 440 aeterna
1820 408 1879 440 lux
1902 414 1934 440 et
1956 407 2105 448 iusticia,

1123 467 1210 499 quae
1228 455 1335 497 fulget
1352 455 1387 487 in
1406 457 1592 489 mentibus.

1224 504 1292 538 Sed
1323 506 1369 539 ita
1401 506 1474 539 fieri
1499 507 1604 546 solet,
1638 518 1709 538 non
1737 507 1848 539 solum
1874 514 2009 549 gentes,
2044 509 2104 541 sed

1122 555 1224 588 etiam
1257 556 1385 598 singuli
1418 557 1602 599 privatim,
1636 556 1704 588 nisi
1736 557 1905 589 divinitus
1928 564 2104 600 regantur,

1120 603 1352 648 Evangelium
1371 607 1554 640 inflectunt
1571 607 1611 639 ad
1630 617 1708 639 suas
1724 613 1882 646 naturas,
1908 618 1946 639 ac
1961 609 2002 639 de
2019 619 2104 650 gen-

1121 656 1216 689 tibus
1235 657 1343 700 magis
1360 658 1542 701 perspicua
1560 663 1642 690 sunt
1658 656 1825 699 exempla.

1223 712 1386 760 Aegyptii
1416 721 1449 748 et
1475 714 1610 759 Syriaci
1638 725 1774 757 semper
1806 712 2021 756 prodigiosas
2046 723 2104 745 su-

1119 765 1341 808 perstitiones
1359 771 1391 798 et
1407 766 1620 798 invenerunt
1636 770 1669 796 et
1685 769 1923 796 exercuerunt.
1969 762 2021 795 lbi
2038 762 2103 805 igi-

1120 821 1177 848 tur
1205 816 1277 848 nati
1306 822 1389 848 sunt
1415 812 1601 854 Monuchi,
1634 813 1694 846 alii
1718 819 1882 857 perpetua
1907 812 2044 845 silentia
2071 819 2104 845 et

1118 865 1259 908 longam
1294 866 1448 898 inediam
1484 865 1551 897 sibi
1584 865 1819 908 imperarunt,
1861 875 2012 907 quorum
2043 862 2103 895 alii

1119 917 1242 949 stando
1268 916 1302 947 in
1325 928 1396 948 nno
1417 915 1562 957 vestigio
1580 926 1740 957 magnam
1760 919 1892 958 partem
1911 913 2001 945 vitae
2019 924 2103 945 eon-

1118 973 1361 1010 sumpserunt‚
1389 966 1569 998 literarum
1595 972 1627 998 et
1649 964 1829 997 doctrinae
1852 963 1965 997 studia
1985 963 2103 1005 negle—

1118 1023 1170 1049 cta
1195 1023 1228 1049 et
1253 1022 1369 1060 spreta
1390 1022 1481 1048 sunt.
1535 1013 1581 1048 Et
1604 1012 1639 1047 hi
1658 1015 1800 1058 quidem
1819 1014 1964 1045 virtutes
1983 1013 2103 1046 distri-

1117 1067 1270 1101 buerunt
1301 1067 1337 1098 in
1368 1063 1520 1110 ἠθικὰς,
1556 1061 1778 1109 καταρτικὰς
1808 1070 1840 1096 et
1864 1061 2103 1109 θεουργικτῖς.

1115 1115 1331 1150 Communes
1357 1128 1442 1161 quas
1466 1116 1699 1148 nominabant
1724 1111 1875 1158 ἠθικὰς,
1904 1112 2018 1145 videri
2043 1124 2103 1145 vo-

1116 1168 1233 1200 lebant
1256 1168 1358 1209 longe
1383 1167 1540 1206 vincere,
1567 1177 1645 1198 cum
1671 1165 1766 1197 illam
1786 1174 1972 1207 corporum
1988 1163 2103 1195 carni-

1117 1218 1255 1250 ficinam
1275 1217 1470 1257 addebant,
1497 1228 1564 1261 qua
1582 1222 1614 1248 et
1634 1214 1832 1259 praeparari
1848 1225 1883 1246 se
1900 1213 1943 1246 ad
1962 1213 2103 1247 tertium

1116 1269 1261 1310 gradum
1281 1274 1314 1300 et
1329 1268 1371 1299 ad
1388 1265 1658 1300 Enthusiasmos
1678 1265 1852 1299 dicebant.

1218 1323 1363 1356 Graecis
1394 1323 1545 1365 ingeniis
1576 1322 1759 1354 blanditur
1784 1320 2002 1354 concinnitas
2026 1322 2103 1365 opi-

1116 1373 1263 1405 nionum
1281 1379 1313 1405 et
1332 1372 1459 1405 artium
1478 1372 1579 1405 metis
1595 1372 1749 1403 inclusae
1769 1371 2026 1414 explicationes.

1217 1430 1301 1462 Plus
1320 1430 1426 1472 igitur
1446 1431 1480 1461 in
1500 1427 1565 1462 hoc
1581 1441 1705 1471 genere
1722 1428 1927 1461 callidarum
1946 1429 2104 1473 disputa-

1116 1480 1253 1512 tionum
1270 1479 1348 1511 suit.
1402 1478 1453 1511 Ibi
1468 1479 1627 1517 Fotinus,
1652 1477 1849 1510 Eunomius
1867 1485 1897 1511 et
1912 1479 1970 1510 alii
1988 1487 2102 1513 trans-

1114 1530 1310 1561 formarunt
1336 1529 1533 1560 doctrinam
1558 1529 1600 1559 de
1626 1528 1697 1560 silio
1724 1527 1807 1567 Dei,
1843 1535 1875 1561 et
1900 1529 1941 1560 de
1966 1528 2102 1573 Spiritu

1114 1586 1233 1612 sancto
1252 1579 1288 1610 in
1305 1576 1583 1621 Philosophiam.

1221 1628 1260 1661 In
1281 1625 1436 1672 Apin-ica
1464 1629 1530 1660 late
1555 1634 1674 1669 vagata
1699 1633 1780 1660 sunt
1805 1628 1963 1670 contagia
1981 1628 2101 1662 Mani-

1114 1677 1300 1712 chaeorum
1315 1706 1322 1717 ‚
1352 1678 1432 1723 quia
1453 1679 1538 1711 illud
1559 1675 1743 1711 hominum
1762 1689 1872 1719 genus
1889 1679 1951 1711 etsi
1966 1679 2100 1724 aliquid

1115 1728 1218 1763 habet
1240 1729 1430 1768 acuminis,
1458 1736 1572 1761 tamen
1592 1728 1863 1761 concinnitatem
1884 1740 1954 1760 uon
1975 1730 2101 1774 querit,

1113 1782 1170 1813 sed
1189 1780 1380 1812 delectatur
1399 1779 1499 1812 novis
1518 1785 1549 1812 et
1567 1778 1778 1822 prodigiosis
1798 1778 1961 1813 inventis.

1215 1837 1405 1871 Germanis
1428 1837 1626 1879 ingenuitas
1651 1844 1682 1870 et
1706 1836 1848 1869 libertas
1874 1843 1988 1880 gratae
2006 1845 2098 1872 sunt.

1112 1889 1195 1922 Ideo
1214 1890 1348 1921 sucosas
1366 1887 1631 1931 superstitiones
1650 1886 1732 1919 laeti
1749 1887 1951 1920 abiicimus:

1214 1948 1273 1979 Sed
1289 1960 1387 1988 regere
1404 1951 1530 1988 imperio
1546 1952 1675 1988 populos
1691 1947 1828 1977 Romane
1843 1956 2005 1980 memento.

1213 2000 1277 2029 Hae
1294 2002 1347 2029 tibi
1366 2007 1451 2029 erunt
1466 2007 1540 2028 artes
1558 2001 1683 2039 pacique
1699 2000 1853 2038 imponere
1871 2010 1995 2028 moreni.

1111 2056 1191 2090 Non
1230 2056 1344 2089 solum
1385 2054 1554 2087 celsitudo
1596 2054 1795 2086 animorum
1832 2061 1882 2087 est
1917 2054 1952 2086 in
1990 2053 2097 2093 Italis,

1111 2114 1143 2140 et
1160 2104 1411 2140 dominationis
1428 2104 1618 2148 cupiditas,
1642 2105 1699 2137 sed
1716 2102 1887 2136 industria
1905 2104 2008 2138 etiam
2026 2105 2096 2138 uti-

1111 2159 1153 2190 lis
1169 2158 1204 2189 in
1223 2155 1488 2198 gubernatione.

1211 2206 1328 2249 Quare
1342 2217 1465 2247 magna
1479 2211 1551 2238 arte
1565 2203 1648 2238 inde
1661 2215 1768 2248 usque
1781 2215 1798 2236 a
1811 2202 1973 2246 Gregorii
1984 2204 2095 2237 Primi

1109 2264 1265 2301 tempore
1293 2256 1480 2289 constituta
1505 2261 1552 2288 est
1577 2255 1620 2286 ab
1644 2255 1691 2287 ris
1713 2254 1922 2289 dominatio.
1976 2255 2095 2296 Quae-

1108 2308 1165 2342 siti
1183 2313 1264 2341 sunt
1284 2314 1316 2340 et
1333 2306 1430 2339 nervi
1448 2304 1698 2338 dominationis
1715 2315 1816 2347 opes,
1844 2310 1875 2336 et
1892 2315 2013 2347 regum
2030 2306 2093 2337 ad-

1109 2358 1262 2398 iunctio,
1288 2368 1438 2401 quorum
1463 2355 1550 2388 alios
1574 2354 1675 2387 novis
1699 2352 1895 2387 honoribus
1917 2355 1982 2387 sibi
2002 2355 2093 2387 obli-

1107 2415 1253 2452 garunt,
1279 2407 1366 2440 alios
1389 2411 1575 2439 tenuerunt
1599 2404 1783 2437 fascinatos
1804 2405 1995 2438 barbaricis
2015 2418 2092 2448 per-

1106 2458 1329 2493 suasionibus
1352 2458 1394 2489 de
1420 2455 1462 2488 iis
1488 2455 1610 2495 idolis,
1637 2466 1725 2499 quae
1748 2455 1896 2499 quisque
1920 2456 2091 2498 magnifa-

1107 2510 1232 2544 ciebat.

1212 2557 1365 2591 Multum
1376 2554 1562 2589 Pontifices
1577 2560 1609 2587 et
1626 2554 1751 2587 umbra
1768 2553 1962 2596 dignitatis,
1985 2566 2088 2599 quam

1105 2607 1220 2643 adhuc
1248 2615 1427 2650 utcunque
1458 2606 1540 2638 urbs
1571 2603 1686 2639 Roma
1716 2604 1906 2644 retinebat,
1945 2605 2087 2640 adiuvit,

74 2672 147 2694 sese
177 2659 342 2694 divinitas
372 2660 445 2704 ipsa
471 2660 693 2695 credentibus
715 2660 966 2702 communicat,
1007 2658 1054 2695 Et
1076 2680 1084 2705 ι
1106 2668 1139 2695 et
1155 2658 1274 2693 Italiae
1291 2657 1413 2703 populi
1431 2668 1508 2690 cum
1525 2666 1666 2700 graecos
1682 2654 1912 2699 Imperatores
1929 2661 1960 2688 et
1976 2652 2085 2687 Exar-
