2324 2955
177 98 250 131 743

181 191 295 216 tamen
315 171 579 219 Σαναχαρίβος
601 171 749 211 retinet,
783 177 816 204 et
838 177 986 204 statuam
1014 172 1087 205 eius
1111 172 1168 206 in-

183 232 259 277 quit
276 231 311 262 in
329 227 456 268 templo
475 222 687 267 Aegyptiaco
712 227 818 261 stare,
851 233 929 254 cum
956 219 1020 254 hac
1043 223 1170 256 inscri-

184 283 319 326 ptione:
348 277 387 309 ln
406 286 459 307 mc
476 273 603 317 aliquis
620 272 761 306 intuens
781 272 859 316 pius
873 273 935 305 sit:
964 272 1012 311 εἷς
1035 270 1095 318 ἐμὲ
1118 272 1172 312 τῖς

185 329 301 376 ὁρίων
319 323 470 370 &affige
487 322 590 357 ἔστω.

284 375 403 410 Asar
425 371 637 413 llszddon,
677 372 713 405 id
740 378 806 413 est,
839 371 1007 418 Assyrius
1040 380 1172 414 acutus,

186 428 348 464 successit
370 426 552 460 interfecto
578 423 689 468 patri,
725 424 885 465 regnavit
909 434 1019 456 annos
1042 425 1172 459 decem.

185 482 253 514 llic
271 489 390 512 rursus
408 483 537 509 mutata
561 481 641 507 suut
659 471 744 506 haec
763 474 876 506 vicina
903 485 1026 516 regna,
1061 481 1094 507 et
1106 473 1174 508 As-

187 531 271 568 syrii
298 528 422 562 amissa
440 523 644 559 monarchia
665 525 789 557 domiti
814 531 896 557 sunt
921 537 938 557 a
956 523 1175 570 Babyloniis,

187 571 323 625 sititque
340 574 530 611 monarcha
548 574 746 608 Chaldaeus
769 572 1040 609 Blerodach.

290 623 569 664 ssIeroduch,
598 626 633 657 id
658 631 726 663 est,
755 637 872 658 amara
898 625 1081 665 contritio,
1106 625 1176 658 Ba-

188 681 374 721 byloniuS‚
428 677 570 710 domitis
601 674 754 720 Assyriis
789 676 903 709 tenuit
935 673 1176 708 monarchiam

189 722 300 766 annos
315 728 556 774 quadraginta.
596 725 712 759 liuius
729 726 945 759 mentionem
962 726 1044 759 facit
1055 724 1177 759 Esaias

190 783 299 826 capite
318 781 379 814 39.

290 828 352 862 Be
365 824 579 861 nmeroda
592 823 660 866 ck,
687 826 720 858 id
746 832 816 865 est,
843 825 934 859 fitius
952 827 1080 870 prioris
1097 825 1178 859 'Me-

190 879 339 921 rodaeh,
374 877 626 921 recuperatoriS
658 874 882 909 monarchiae
906 878 997 920 apud
1022 877 1177 922 Babylo-

190 933 278 966 nios.
332 929 505 972 Regnavit
525 939 636 960 annos
654 927 779 968 viginti
799 933 832 959 ct
850 939 972 959 unum.

292 976 668 1023 lVabogdonosor
691 977 848 1014 Primus,
875 977 909 1009 id
929 983 996 1014 est,
1024 977 1178 1015 divinus,

193 1034 315 1071 iudex,
343 1029 524 1074 Assyrius,
550 1028 605 1060 vel
622 1027 819 1060 tribulator.
874 1026 1051 1068 Regnavit
1068 1038 1179 1058 annos

191 1083 335 1124 triginta
353 1080 519 1124 quinque.
573 1077 690 1109 Gessit
712 1076 844 1107 bellum
867 1088 945 1108 cum
969 1086 1048 1117 rege
1064 1075 1180 1119 Aegy-

192 1134 264 1178 ptio
276 1131 389 1168 Neco,
416 1129 515 1161 cuius
533 1127 616 1158 belli
635 1127 765 1158 mentio
783 1125 819 1157 fit
837 1125 873 1157 in
894 1124 1040 1158 historia
1059 1124 1180 1164 Iosiae,

192 1184 226 1217 4.
245 1182 381 1223 Regum
400 1179 459 1212 23.
509 1176 554 1210 Et
569 1179 603 1211 2.
622 1176 734 1209 Paral.
754 1173 813 1207 35.
829 1176 892 1208 ubi
912 1175 1095 1215 scribitur,
1123 1173 1180 1206 lo-

193 1235 277 1266 siam
304 1230 522 1263 intersectum
546 1239 617 1259 esse
640 1227 677 1258 in
697 1226 884 1268 Mageddo.
938 1225 1037 1267 Quae
1061 1225 1181 1268 appel-

192 1283 276 1316 latio
298 1282 339 1313 de
355 1280 474 1312 eadem
499 1275 645 1310 historia
664 1283 755 1309 extat
772 1283 806 1308 et
823 1277 859 1308 in
877 1274 1045 1308 Zacharia
1059 1299 1069 1313 ‚
1101 1287 1180 1307 cum

192 1329 508 1377 iuquitDominus:
539 1325 803 1370 AspicientMe,
825 1338 928 1370 quem
947 1325 1180 1358 confixerunt:

193 1383 235 1416 In
252 1394 290 1414 eo
308 1381 364 1413 die
380 1379 443 1411 erit
459 1378 636 1421 planctus,
662 1377 749 1408 sicut
765 1376 831 1409 fuit
847 1377 884 1408 in
901 1388 1023 1419 campo
1036 1375 1181 1418 Maged-

194 1435 284 1470 don,
310 1429 473 1463 videlicet
488 1428 670 1459 interfecto
690 1425 790 1460 lusia.

294 1480 494 1513 Herodotus
514 1478 574 1512 lib.
594 1479 629 1510 2.
648 1478 863 1509 mentionem
887 1476 969 1508 facit
993 1476 1067 1508 eius
1085 1476 1183 1516 belli,

196 1540 228 1567 et
242 1542 379 1576 pugnae
397 1530 512 1561 locum
534 1528 694 1559 nominat
714 1526 939 1569 Magdalum,
969 1527 1058 1558 sicut
1082 1533 1113 1559 et
1130 1525 1183 1558 le-

195 1583 321 1616 remias
341 1581 414 1613 eius
431 1578 586 1611 nominis
603 1577 817 1609 mentionem
835 1577 924 1611 facit.
978 1576 1044 1609 Sed
1068 1577 1183 1610 vicina

197 1640 278 1666 sunt
293 1631 423 1675 oppida
449 1630 485 1661 in
512 1629 628 1660 littore
653 1627 690 1659 in
713 1627 856 1669 regione
880 1628 993 1660 tribus
1009 1626 1183 1665 Manasse,

197 1683 373 1727 b'lageddo
390 1687 423 1712 et
439 1679 655 1720 blagdalum.

298 1726 553 1773 Nabogdon
566 1737 668 1759 osor
707 1725 861 1768 Magnus
891 1725 1050 1767 regnavit
1073 1737 1184 1758 annos

199 1782 428 1829 quadraginta
446 1786 528 1811 tres.
580 1776 881 1810 Celebratissimus
903 1782 952 1807 est
978 1776 1014 1807 in
1038 1773 1184 1809 historia

198 1830 422 1878 prophetica,
448 1835 590 1872 propter
613 1827 755 1859 exilium
772 1826 885 1860 tribus
902 1825 988 1858 Inda
1012 1826 1049 1857 in
1067 1825 1185 1870 Baby-

198 1885 291 1917 lone.
345 1881 451 1914 Anno
469 1878 640 1912 sedecimo
666 1877 719 1910 sui
744 1876 843 1918 regni
868 1875 977 1908 cinxit
1001 1876 1185 1909 obsidione

199 1932 449 1972 lerosolymam
467 1934 633 1972 regnante
644 1924 829 1959 Zedechia.
884 1925 990 1970 Apud
1003 1925 1185 1959 Ieremiam

200 1996 273 2027 cap.
288 1971 347 2016 39]
366 1980 531 2024 scriptum
550 1985 617 2018 est,
645 1977 865 2010 obsidionem
889 1977 1031 2009 durasse
1053 1989 1186 2011 annum

201 2035 374 2076 integrum
403 2037 436 2064 et
459 2041 516 2063 sex
539 2039 686 2062 menseS.
752 2027 917 2060 Proximo
947 2039 1066 2060 mense
1089 2034 1188 2072 post-

201 2096 306 2130 quam
322 2083 404 2115 urbs
417 2080 629 2124 lerosolyma
646 2084 744 2121 capta
764 2085 834 2118 est,
859 2077 959 2111 iussit
976 2090 1034 2110 rex
1045 2077 1188 2121 Nabog-

203 2137 357 2168 donosor
376 2131 485 2164 deleri
504 2131 627 2163 urbem
648 2135 681 2161 et
694 2128 881 2171 templum,
909 2135 942 2161 et
960 2129 1113 2162 trastulit
1130 2128 1189 2162 Iu-

203 2186 370 2217 daeorum
393 2180 657 2214 multitudinem
682 2179 719 2211 in
735 2177 967 2219 Chaldaeam‚
993 2180 1055 2212 ubi
1071 2180 1187 2212 exula—

204 2235 254 2267 vit
273 2234 385 2267 tribus
404 2231 492 2264 Iuda
514 2242 624 2263 annos
641 2229 700 2262 70.

306 2282 353 2315 Et
376 2293 577 2326 quanquam
603 2281 725 2322 ingens
746 2279 922 2312 calamitas
955 2286 1005 2312 est
1036 2280 1190 2320 exilium,

205 2341 237 2367 et
263 2333 310 2366 ita
329 2333 493 2376 dissipata
515 2338 588 2365 erat
610 2342 692 2374 gens
718 2329 876 2370 Iudaica,
910 2336 943 2363 et
963 2342 1081 2363 eversa
1106 2331 1190 2363 urbs

205 2382 436 2426 lerosolyma,
463 2388 497 2414 et
518 2382 630 2414 deleta
655 2381 797 2424 politia,
831 2387 869 2413 ut
891 2378 1055 2413 humanis
1076 2381 1191 2414 consi-

204 2435 262 2468 liis
277 2432 412 2466 restitui
431 2443 502 2464 non
519 2440 649 2475 posset:
675 2439 793 2465 tamen
811 2430 906 2464 Deus
928 2431 1138 2465 mirabiliter
1159 2439 1192 2466 et

206 2482 358 2518 servavit
381 2488 518 2523 gentem
534 2509 543 2523 ‚
576 2488 609 2514 et
633 2482 787 2519 reduxit,
823 2488 857 2515 et
879 2482 916 2514 in
940 2481 1043 2515 exilio
1067 2493 1191 2525 magua

206 2534 318 2579 gloria
343 2531 494 2566 ornavit.
546 2531 634 2564 Nam
653 2531 811 2565 Danielis
832 2532 1050 2565 confessione
1073 2539 1106 2567 et
1128 2534 1193 2566 do-

206 2585 316 2620 ctrina
334 2581 493 2615 conversi
513 2588 595 2614 sunt
617 2583 659 2613 ad
686 2583 759 2614 veri
777 2582 843 2615 Dei
867 2582 1081 2624 agnitionem
1106 2595 1194 2628 qua-

205 2644 286 2670 tuor
307 2629 532 2667 monarchae:
561 2630 856 2674 Nabogdouosor,
884 2633 976 2667 filius
994 2632 1194 2668 Evilmero-

423 89 628 127 SCRIPTA
656 88 730 123 PII.
760 86 876 122 MEL.
905 86 971 120 AD
998 85 1122 124 HIST.
1149 87 1293 126 PROF.
1321 88 1387 124 ET
1413 89 1607 126 PHILOS.
1636 89 1958 128 SPECTANTIA.

2132 93 2206 128 744

1224 172 1332 215 dach,
1362 180 1395 207 et
1420 175 1548 208 deinde
1566 174 1695 209 Darius
1718 175 1865 216 Medus,
1900 185 1932 211 et
1957 177 2069 222 Cyrus
2093 177 2209 211 Persa.

1222 224 1316 257 Ilaec
1332 237 1404 257 non
1421 233 1502 259 sunt
1517 226 1605 259 sacta
1624 227 1697 259 sine
1719 227 1917 269 insignibus
1943 229 2135 269 miraculis,
2174 229 2211 260 in

1223 276 1352 319 quibus
1368 274 1462 308 Deus
1477 276 1716 310 testimonium
1733 278 1887 311 ostendit
1907 278 1948 310 de
1973 289 2032 310 sua
2052 279 2211 311 doctrina

1224 326 1314 359 etde
1333 323 1507 366 Ecclesia,
1535 339 1685 370 quorum
1703 328 1820 372 aliqua
1837 328 1873 360 in
1892 326 2037 361 historia
2053 326 2212 361 Danielis

1224 376 1433 416 recitantur,
1460 388 1563 421 quem
1582 375 1638 410 hic
1651 376 1930 421 Nabogdouosor
1946 379 1982 411 in
1994 377 2212 423 Babylonem

1225 428 1426 461 abduxerat.

1328 475 1504 509 observes
1534 484 1672 518 autem,
1709 475 1804 510 hunc
1830 478 1997 511 victorem
2022 478 2215 521 Nabogdo-

1225 539 1387 560 nosorem
1407 534 1523 560 ortum
1540 539 1611 560 esse
1630 541 1668 561 ex
1688 527 1896 573 Babyloniis
1921 529 2078 571 regibus,
2115 530 2215 562 vide-

1226 579 1307 610 licet
1324 590 1340 609 a
1360 575 1552 610 *Merodach
1565 605 1573 617 ,
1601 591 1680 611 cum
1701 579 1769 611 iam
1788 576 2116 622 postSennacherib
2136 591 2215 612 rur-

1227 641 1284 662 sus
1302 628 1571 660 dominarentur
1587 628 1776 673 Babylonii
1795 627 1959 674 Assyriis.

1328 676 1712 719 Eribnerodaclz,
1748 679 1783 711 id
1803 686 1871 718 est,
1906 679 2075 722 iusipiens
2094 677 2216 712 Blero-

1229 726 1337 769 dach,
1375 740 1433 760 seu
1458 729 1576 761 iunior
1592 727 1803 770 Merodacb,
1838 729 1995 772 regnavit
2020 740 2130 761 annos
2153 729 2218 762 tri-

1229 780 1336 821 ginta.
1408 778 1527 811 Primo
1557 791 1668 820 anno,
1716 792 1793 812 cum
1821 780 1909 821 patri
1940 779 2218 820 Nabogdonosor

1230 829 1361 871 Magno
1382 830 1613 870 successisset,
1641 830 1804 863 liberavit
1820 829 1994 862 Ieconiam
2012 842 2051 862 ex
2070 840 2219 869 carcere,

1231 886 1262 911 et
1290 880 1318 911 ei
1340 880 1473 921 regium
1502 878 1672 912 honorem
1697 887 1730 913 et
1757 880 1886 912 victum
1911 880 2090 920 attribuit,
2123 885 2161 912 ut
2182 879 2218 910 in

1230 930 1356 962 ultimo
1372 930 1483 972 capite
1500 932 1613 974 quarti
1626 930 1762 974 Regum
1779 930 1963 971 scribitur,
1991 937 2024 964 et
2041 931 2078 961 in
2093 929 2218 962 ultimo

1231 980 1341 1022 capite
1363 979 1542 1011 leremiae.

1333 1027 1617 1061 Consentaneum
1636 1035 1684 1060 est
1698 1035 1813 1061 autem
1825 1056 1834 1069 ,
1862 1036 1894 1061 et
1911 1027 2006 1061 liunc
2020 1030 2219 1072 amplexum

1233 1088 1304 1109 esse
1337 1078 1531 1109 doctrinam
1557 1076 1715 1110 Danielis
1745 1080 1787 1110 dc
1818 1091 1901 1111 vero
1927 1078 2018 1119 Deo,
2060 1091 2164 1123 quam
2188 1085 2222 1110 et

1231 1133 1329 1170 pater
1345 1127 1486 1169 publico
1508 1127 1621 1158 edicto
1638 1127 1813 1169 professus
1829 1134 1889 1167 est,
1914 1139 2060 1171 eamque
2077 1129 2121 1159 ob
2140 1139 2222 1160 cau-

1233 1188 1305 1208 sam
1332 1177 1553 1209 clementiam
1581 1177 1773 1209 exercuisse
1797 1188 1875 1220 erga
1902 1189 2015 1219 regem
2035 1176 2223 1211 Ieconiam.

1233 1224 1279 1259 Et
1301 1227 1457 1260 fortassis
1474 1227 1554 1259 ideo
1575 1225 1757 1271 Principes
1779 1227 1879 1272 impii
1896 1228 2127 1261 nominarunt
2144 1239 2224 1260 eum

1235 1277 1380 1309 stultum
1405 1273 1614 1310 Merodach.

1334 1325 1572 1366 Balsaar,
1607 1326 1641 1358 id
1665 1333 1734 1369 est,
1762 1326 2144 1366 dominusfexercitus,
2167 1340 2224 1361 re-

1235 1378 1355 1419 gnavit
1387 1390 1466 1411 cum
1493 1376 1661 1410 fratribus
1685 1389 1796 1410 annos
1821 1378 2099 1422 quatuordecim.
2157 1377 2226 1411 Hic

1235 1429 1414 1472 amplexus
1430 1428 1670 1460 estidolorum
1690 1428 1820 1461 cultum
1833 1452 1841 1465 ,
1869 1435 1903 1461 et
1919 1440 2000 1461 vero
2010 1428 2085 1462 Deo
2102 1428 2225 1472 populi

1239 1479 1342 1511 lsrael
1366 1479 1479 1521 palam
1504 1479 1541 1510 in
1567 1477 1731 1509 convivio
1754 1478 1953 1517 maledixit,
1994 1485 2033 1512 ut
2056 1478 2224 1521 scriptum

1236 1536 1287 1561 est
1312 1527 1471 1561 Danielis
1493 1526 1528 1562 5.
1593 1526 1683 1559 Tam
1718 1527 1786 1561 cito
1821 1528 1997 1561 bonorum
2019 1528 2225 1572 Principum

1237 1579 1418 1622 posteritas
1439 1577 1592 1610 deseruit
1613 1578 1853 1620 proximorum
1875 1585 2012 1621 patrum
2032 1579 2227 1611 doctrinam

1237 1636 1268 1662 et
1285 1628 1450 1671 exempla.
1508 1627 1567 1660 Sic
1585 1634 1701 1660 autem
1717 1628 1860 1671 punitae
1877 1635 1959 1660 sunt
1975 1629 2049 1660 eius
2064 1625 2228 1671 blasphe-

1236 1679 1346 1717 miae,
1373 1684 1413 1710 ut
1428 1683 1526 1719 capta
1544 1677 1743 1721 Babylone,
1771 1684 1804 1709 et
1825 1677 1901 1720 ipso
1924 1678 2126 1719 interfecto,
2151 1689 2228 1711 mo-

1237 1725 1380 1760 narchia
1399 1726 1566 1759 translata
1582 1727 1627 1758 sit
1642 1728 1685 1758 ad
1707 1723 1763 1758 Pe
1775 1738 1890 1760 rsus,

1338 1775 1428 1809 Cum
1459 1782 1575 1808 autem
1600 1774 1804 1809 Herodotus
1834 1776 1871 1808 in
1903 1775 1995 1809 libro
2016 1777 2047 1809 1.
2070 1778 2229 1812 nominet

1237 1827 1451 1872 Labynitum
1470 1837 1564 1866 eum,
1592 1826 1652 1870 qui
1668 1833 1766 1870 capta
1783 1825 1965 1871 Babylone
1981 1825 2102 1871 aCyro
2120 1827 2231 1862 inter-

1238 1878 1347 1910 fectus
1376 1884 1444 1916 est,
1484 1882 1758 1909 consentaneum
1793 1883 1860 1917 est,
1901 1874 1997 1909 hunc
2022 1876 2228 1911 Balsaarum

1239 1939 1311 1961 esse
1329 1928 1421 1970 apud
1438 1925 1658 1960 Herodotum
1676 1926 1910 1972 Labynitum,
1937 1927 2031 1972 quod
2049 1927 2231 1971 significat,

1239 1978 1395 2022 gladium
1415 1978 1612 2010 tradentem
1628 1977 1684 2009 vel
1702 1978 1946 2012 inclinantem.

1342 2027 1409 2061 Hic
1425 2027 1504 2060 finis
1520 2034 1570 2060 est
1585 2027 1718 2070 primae
1733 2026 1961 2061 monarchiae
1973 2054 1982 2068 ,
2008 2039 2097 2073 quae
2113 2030 2230 2062 nomi-

1240 2086 1346 2113 natur
1362 2074 1565 2110 monarchia
1582 2075 1819 2112 Chaldeorum
1839 2085 1873 2112 et
1889 2077 2127 2123 Assyriorum.
2179 2078 2232 2112 Ac

1240 2141 1362 2163 rursus
1379 2126 1436 2161 hic
1452 2128 1588 2161 illustre
1605 2130 1801 2172 exemplum
1818 2129 2035 2173 propositum
2059 2136 2110 2162 est
2131 2140 2231 2162 com-

1241 2181 1359 2213 munis
1385 2179 1538 2221 regulae:
1568 2177 1733 2222 Regnum
1755 2192 1774 2212 a
1789 2186 1891 2223 gente
1909 2179 1946 2212 in
1964 2185 2101 2222 gentem
2117 2186 2231 2213 trans-

1242 2232 1353 2264 fertur
1378 2236 1520 2273 propter
1544 2229 1777 2271 iniusticiam‚
1805 2242 1844 2263 ac
1868 2228 2070 2274 praesertim
2087 2237 2231 2274 propter

1243 2279 1496 2325 blasphemiam
1527 2291 1566 2312 ac
1596 2281 1796 2321 saeviciam,
1847 2291 1935 2324 quae
1966 2279 2003 2310 in
2037 2277 2231 2314 Ecclesiam

1244 2338 1432 2365 exercetur.
1484 2329 1665 2364 Excitatus
1689 2338 1739 2364 est
1762 2337 1876 2364 autem
1894 2328 2024 2373 CyruS,
2049 2336 2088 2362 ut
2112 2338 2231 2374 postea

1245 2383 1378 2422 (licam,
1405 2388 1444 2414 ut
1468 2381 1638 2425 populum
1658 2380 1844 2414 Iudeorum
1872 2390 1991 2412 rursus
2015 2379 2169 2415 mitteret
2193 2381 2231 2414 in

1243 2434 1406 2472 Iudeam,
1454 2432 1498 2464 ad
1537 2431 1826 2465 instaurationem
1857 2429 1978 2473 templi
2013 2436 2045 2462 et
2076 2431 2231 2473 politiae.

1246 2483 1323 2528 lpse
1338 2482 1433 2516 enim
1450 2482 1646 2515 doctrinam
1671 2481 1714 2514 de
1734 2492 1816 2513 vero
1834 2478 1909 2513 Deo
1934 2492 1953 2513 a
1968 2478 2115 2514 Daniele
2138 2482 2231 2515 didi-

1246 2541 1348 2567 cerat.

1346 2582 1525 2616 Hactenus
1555 2580 1698 2615 recitavi
1721 2579 1926 2624 Catalogum
1951 2581 2087 2626 aliquot
2109 2593 2229 2629 regum

1245 2632 1504 2669 Chaldaeorum
1534 2638 1567 2665 et
1592 2629 1835 2676 Assyriorum,
1871 2632 2073 2676 praesertim
2098 2644 2229 2674 eorum,
