2324 2955
179 106 251 142 967

184 191 330 224 iniustas
353 196 406 219 res
431 192 531 215 coeco
548 184 582 211 et
597 173 728 224 ingenti
746 173 892 216 impetu.
942 169 1066 203 Postea
1080 169 1156 226 sm-

185 240 282 275 strati
305 234 553 279 opprimuntur
577 224 820 280 magnitudine
843 221 1026 260 dolorum,
1068 226 1157 253 sicut

185 288 308 324 accidit
322 281 478 318 Antonio
495 285 527 311 et
544 278 621 310 aliis
636 275 767 308 multis.

286 341 401 383 Magis
418 336 569 372 ostendit
585 340 715 367 metum
730 328 968 364 Maximianus
980 354 988 368 ‚
1015 328 1075 373 qui
1083 326 1158 361 Ro-

187 407 278 430 mam
309 391 434 429 rediit,
472 394 511 420 ut
538 398 557 419 a
585 381 822 417 praetorianis
852 379 1083 422 reciperetur,
1108 383 1159 433 ’et

186 454 306 480 rursus
330 440 573 474 nominaretur
598 435 798 477 imperator.
865 429 935 462 Sed
962 440 1040 461 cum
1069 428 1159 460 filius

189 493 391 530 Maxentius
421 499 499 522 eum
531 484 738 529 expelleret,
775 479 864 522 sugit
887 478 1092 534 Massyliam
1116 478 1158 534 ad

188 554 353 589 generum
378 536 667 574 Constantinum,
709 531 767 565 cui
793 541 872 563 cum
905 535 1052 562 strueret
1076 539 1162 583 insi-

188 597 281 631 dias,
308 591 378 625 fitia
402 588 564 622 maritum
592 583 681 628 patri
705 580 887 625 praetulit,
921 590 1010 623 quae
1036 578 1164 633 detexit

188 644 346 679 insidias.
398 639 448 672 Ita
468 648 545 670 cum
558 634 652 667 Dens
662 631 917 665 Maximianum
935 629 1163 662 Constantino

189 692 398 728 mirabiliter
413 687 613 724 obtulisset,
643 682 845 715 interfectus
863 685 913 711 est
927 678 1165 710 Maximianus

190 742 389 779 Massvliae.
421 738 487 770 llic
506 735 616 768 exitus
632 733 698 765 suit
716 732 866 764 duorum
884 727 1164 761 saevissimorum

191 781 441 839 tyrannorum,
465 782 677 819 Diocletiani
698 788 730 814 et
748 778 967 813 Maximiani.

290 849 425 883 Romae
458 839 701 877 Illas-entius,
753 836 960 870 Maximiani
1000 834 1167 868 Herculei

191 902 304 939 filius,
337 910 377 931 eo
399 893 647 929 dominabatur
669 888 863 926 crudelius,
897 886 977 930 quia
1000 887 1165 919 Severum

191 954 233 985 ad
252 950 460 984 Ravennam
477 943 624 979 vicerat,
650 939 711 983 qui
735 937 922 970 exercitum
947 942 1167 990 contra-eum

191 1002 342 1036 Romam
376 997 544 1029 ducturus
576 995 657 1023 erat.
733 986 892 1030 Cumque
925 991 957 1017 et
986 995 1168 1017 saeviciam

193 1057 312 1086 contra
329 1044 548 1080 Christianos
564 1037 768 1072 blaxentius
789 1040 981 1073 exerceret,
1012 1041 1045 1089 et
1066 1044 1170 1088 rape-

193 1108 246 1135 ret
277 1097 442 1131 honestas
471 1098 646 1124 matronas
670 1093 702 1119 et
727 1085 895 1126 virgines,
936 1089 969 1115 et
999 1083 1171 1114 militibus

195 1149 399 1184 concederet
424 1141 599 1176 licentiam
624 1136 783 1169 omnium
808 1134 996 1171 scelerum,
1024 1131 1172 1187 Senatus

195 1196 464 1235 Constantinum
481 1203 519 1223 ex
540 1188 656 1221 Gallia
673 1184 869 1218 accersivit:
912 1182 969 1214 cui
995 1182 1171 1238 dubitanti

195 1262 239 1283 an
258 1248 407 1282 Romam
425 1243 565 1274 duceret
582 1236 768 1270 exercitum
780 1260 789 1274 ,
815 1231 1072 1288 ostendit-Deus
1090 1231 1173 1263 illu-

195 1307 263 1333 stre
284 1297 421 1338 signum
447 1288 624 1322 victoriae.
685 1285 773 1318 Nam
799 1283 913 1315 medio
939 1283 995 1314 die
1020 1293 1057 1313 in
1082 1281 1173 1313 clara

197 1351 273 1382 luce
295 1345 385 1378 vidit
406 1338 659 1375 Constantinus
683 1335 720 1366 iii
742 1334 838 1366 coelo
864 1333 1000 1374 igneam
1025 1342 1174 1386 crucem,

196 1410 273 1432 cum
293 1394 417 1429 literis:
447 1391 485 1424 ἐν
502 1384 620 1432 τούτῳ
638 1383 734 1423 νίκα,
762 1383 798 1415 id
817 1389 878 1420 est,
907 1381 944 1413 in
960 1379 1025 1413 hoc
1040 1392 1151 1414 vince.

298 1458 429 1495 Scribit
450 1453 644 1492 Eusebius,
686 1448 776 1482 lianc
808 1460 842 1482 se
872 1447 1109 1481 narrationem
1136 1458 1175 1479 ex

198 1516 274 1558 ipso
293 1506 523 1545 Constantino
542 1501 727 1536 audivisse.

299 1569 419 1612 Itaque
435 1572 603 1607 tanquam
621 1561 768 1593 ducente
784 1557 941 1590 Domino
959 1562 1078 1589 nostro
1090 1552 1176 1588 Iesu

200 1619 349 1656 Christo
376 1616 527 1650 Romam
556 1622 635 1644 cum
670 1607 820 1641 exercitu
856 1613 1031 1650 properat.
1099 1604 1178 1638 Etsi

200 1669 401 1706 Maxentius
426 1666 616 1706 imparatus
639 1666 730 1698 erat,
759 1664 877 1690 tamen
901 1667 1082 1688 occurrere
1104 1656 1177 1687 for·

201 1721 335 1756 tissinio
354 1713 519 1749 exercitui
535 1720 643 1753 usque
660 1708 702 1740 ad
725 1713 866 1749 pontem
884 1704 1050 1736 Milvium
1074 1714 1178 1735 ausus

202 1777 264 1805 est,
315 1767 368 1802 lbi
386 1763 516 1809 praelio
536 1760 646 1792 victus
664 1763 696 1789 et
714 1767 792 1788 cuni
811 1765 932 1795 inagna
949 1753 1177 1786 multitudine

203 1821 241 1853 in
265 1819 395 1851 ssumeii
424 1821 556 1845 mersus
578 1807 691 1850 periit,
757 1803 839 1836 Ideo
863 1801 1054 1842 *Christiani
1081 1803 1178 1834 dixe-

203 1876 307 1908 runt,
346 1863 528 1898 interitum
552 1855 720 1892 Maxentii
743 1854 893 1886 similem
914 1853 1020 1885 fuisse
1046 1863 1178 1896 poenae

206 1915 412 1952 Pharaonis.

306 1969 457 2007 Sustulit
473 1977 552 2009 ergo
569 1963 670 1996 initio
688 1959 939 1994 Constantinus
956 1959 1042 1991 duos
1058 1964 1180 2003 tyran-

205 2037 284 2060 nos:
313 2019 568 2056 Maximianum
586 2013 705 2046 eteius
723 2012 832 2043 filium
845 2009 1076 2048 Maxentium,
1100 2019 1179 2041 cum

206 2076 348 2121 quidem
372 2066 596 2104 Constantius
618 2075 637 2095 a
661 2061 878 2095 Maximiano
897 2059 1020 2093 Caesar
1042 2069 1182 2091 nuncu-

207 2133 306 2170 patus
325 2127 423 2155 esset.
459 2118 545 2151 Cum
561 2114 667 2156 igitur
685 2111 814 2154 potitus
830 2116 916 2142 esset
932 2108 1182 2142 Constantinus

209 2171 413 2209 Occidentis
436 2167 600 2209 imperio,
633 2168 834 2204 teneretque
859 2171 934 2191 eam
959 2165 1114 2209 partem,
1146 2158 1182 2190 in

211 2236 277 2269 qua
295 2221 486 2267 plurimum
504 2213 641 2247 roboris
660 2218 747 2244 erat:
784 2210 938 2249 ltaliam,
965 2207 1183 2252 Hispaniam,

212 2274 384 2311 Asi-icam,
421 2267 594 2303 Galliam,
633 2260 861 2295 Germaniam
889 2265 922 2291 et
951 2258 1184 2297 Britanniam,

212 2334 290 2356 cum
308 2317 454 2353 Licinio
472 2320 610 2349 tenente
629 2311 829 2357 Illyricum,
856 2321 958 2353 quem
969 2307 1185 2341 Maximinus

215 2374 393 2407 Caesarem
411 2367 670 2400 nominaverat,
697 2361 780 2393 sacit
796 2360 937 2398 foedus,
963 2359 1065 2402 eique
1087 2369 1186 2390 soro-

214 2435 288 2456 rem
316 2416 553 2454 Constantiam
577 2415 635 2445 dat
655 2421 818 2450 uxorem,
856 2416 888 2441 et
916 2409 1022 2441 mittit
1045 2420 1123 2440 euin
1148 2407 1185 2439 iii

216 2472 335 2506 Asiam
367 2473 485 2500 contra
511 2462 759 2496 Maximinum.
826 2458 964 2492 Interea
995 2469 1114 2502 pacem
1148 2457 1186 2489 in

216 2521 410 2556 Occidente
425 2513 592 2549 restituit,
626 2512 739 2543 abolet
762 2511 898 2542 decreta
921 2508 1122 2553 tyrannica,
1155 2514 1188 2540 et

217 2578 308 2605 vetat
331 2565 547 2603 Christianos
569 2562 698 2593 iniuria
725 2560 844 2601 adfici,
883 2566 915 2592 et
938 2559 975 2591 in
998 2558 1189 2603 provinciis

217 2619 347 2656 iudicia
364 2624 396 2651 et
412 2611 584 2660 praesidia
601 2611 750 2643 ordinat.

436 92 643 135 SCRIPTA
669 90 746 125 PH.
768 85 884 122 MEL.
909 85 977 122 AD
1002 83 1130 121 HIST.
1155 85 1298 126 PROF.
1323 85 1389 123 ET
1415 87 1604 124 PHILOS.
1626 87 1939 127 SPECTANTIA.

2113 91 2184 126 968

1312 172 1435 207 Victus
1460 179 1572 206 autem
1597 173 1813 208 Maximinus
1834 187 1852 207 a
1869 174 2006 209 Licinio
2034 177 2074 209 ad
2094 175 2184 209 Tar-

1211 235 1306 261 sum,
1333 230 1449 267 postea
1472 221 1660 267 phthiriasi
1676 226 1766 258 inter
1785 236 1904 257 saevos
1927 227 2097 259 cruciatus
2122 238 2183 270 pe·-

1212 274 1289 313 riit‚
1317 285 1394 307 cum
1415 275 1572 307 examina
1592 276 1761 308 vermium
1781 275 1810 307 ei
1828 275 1863 306 in
1882 276 2086 317 inguinibus
2103 283 2183 309 nata

1212 329 1335 356 essent.
1387 324 1467 365 Quo
1487 335 1617 366 poenae
1632 326 1736 357 modo
1759 325 1986 368 significatum
2011 332 2078 365 est,
2102 326 2184 358 libi-

1213 374 1312 406 dines
1329 373 1402 406 eius
1420 374 1549 417 puniri.

1313 421 1485 457 Extinctis
1515 424 1620 466 igitur
1648 430 1798 468 quatuor
1827 425 2002 468 tyrannis:
2045 424 2186 458 Diocle-

1214 474 1321 514 tiano,
1345 473 1574 514 Maximiano,
1596 473 1776 507 Blaxentio
1793 473 2041 513 etMaximino‚
2069 483 2188 509 tenent

1216 523 1402 566 imperium
1428 530 1545 568 postea
1568 525 1637 557 duo
1662 524 1828 567 collegae:
1866 521 2133 558 Constantinus
2156 533 2188 559 et

1217 571 1409 616 Licinius,
1436 581 1469 607 et
1486 574 1661 618 paulisper
1680 574 1717 606 in
1734 574 1882 618 imperio
1899 585 1963 618 pax
1979 575 2056 608 suit.

1319 623 1463 657 Initium
1490 631 1605 657 autem
1634 624 1771 667 imperii
1793 624 2015 658 Constantini
2041 625 2191 658 colloca-

1218 681 1276 707 tur
1297 675 1402 718 paulo
1427 680 1506 707 ante
1531 673 1771 715 Maxentium,
1810 675 1971 708 videlicet
1996 675 2031 707 in
2058 687 2190 708 annum

1219 724 1341 756 mundi
1358 731 1480 768 quater
1497 724 1741 763 millesimum,
1765 725 2040 758 ducentesimum
2054 732 2191 769 septua-

1220 775 1390 817 gesimum
1408 775 1610 807 secundum.

1270 848 1415 884 Annum
1433 849 1569 883 Romae
1587 850 1812 883 millesimum
1824 877 1832 891 ,
1860 851 2119 893 sexagesimum.

1272 900 1418 934 Annum
1435 898 1566 933 Christi
1585 900 1867 933 trecentesimum
1885 901 2070 934 decimum.

1325 966 1416 999 Sunt
1433 978 1513 1009 ergo
1533 967 1576 998 ab
1594 966 1696 999 initio
1713 964 1923 1000 Diocletiani
1945 967 1987 999 ad
2013 964 2106 1000 hunc
2131 978 2195 999 an-

1223 1027 1326 1055 num,
1353 1016 1413 1059 qui
1432 1022 1480 1048 est
1498 1016 1639 1048 initium
1662 1014 1882 1049 Constantini
1902 1016 2040 1059 Magni,
2074 1017 2197 1059 viginti

1223 1066 1292 1097 (luo
1310 1065 1406 1098 anni.
1448 1064 1544 1097 Intra
1556 1063 1621 1097 lios
1637 1076 1747 1097 annos
1761 1065 1798 1097 in
1813 1072 1886 1098 toto
1902 1078 2025 1108 genere
2041 1064 2197 1099 humano

1223 1113 1437 1147 horrendam
1454 1114 1628 1146 lanienam
1647 1115 1812 1147 adversus
1829 1115 1919 1147 cives
1945 1122 1977 1149 et
1999 1113 2132 1155 hostes,
2164 1122 2197 1148 et

1226 1165 1317 1197 inter
1339 1166 1425 1208 ,sese
1456 1171 1684 1197 exercuerunt
1707 1164 1960 1207 ,imperatores
2037 1164 2198 1209 Suntque

1226 1214 1311 1246 anni
1329 1225 1347 1246 a
1365 1212 1447 1246 Iulii
1464 1213 1566 1246 initio
1580 1225 1691 1258 usque
1713 1215 1754 1246 ad
1782 1214 1935 1258 primum
1958 1227 2089 1247 annum
2106 1214 2199 1248 Con-

1226 1263 1371 1298 stantini
1386 1264 1530 1297 trecenti
1547 1264 1801 1308 quinquaginta
1826 1271 1974 1308 septem,
2002 1265 2063 1309 qui
2085 1271 2200 1298 muta-

1226 1314 1359 1347 tionem
1377 1314 1412 1345 in
1432 1313 1578 1356 imperio
1594 1314 1765 1355 insignem
1782 1313 1873 1349 fecit.
1925 1312 1978 1347 Ac
1998 1326 2016 1347 a
2033 1314 2112 1347 Iulii
2132 1315 2201 1347 ini-

1227 1364 1276 1396 tio
1293 1375 1403 1406 usque
1420 1364 1464 1396 ad
1482 1370 1614 1407 captam
1631 1362 1783 1397 Romam
1800 1364 1844 1396 ab
1860 1364 2000 1397 Alarico
2018 1371 2099 1398 sunt
2117 1364 2203 1398 anni

1227 1413 1476 1458 quadringenti
1491 1413 1665 1457 sexaginta
1682 1419 1716 1446 et
1729 1424 1833 1448 unus,

1329 1467 1598 1504 Constantinus
1613 1468 1784 1515 flIagnus
1800 1471 1911 1505 tenuit
1929 1472 2114 1515 imperium
2140 1484 2203 1505 an-

1229 1532 1293 1554 nos
1310 1521 1453 1563 triginta
1471 1523 1572 1562 duos,
1598 1521 1716 1554 minus
1732 1522 1870 1554 duobus
1887 1523 2075 1558 mensibus.
2106 1522 2203 1555 Vixit

1230 1582 1340 1604 annos
1356 1572 1530 1613 sexaginta
1547 1583 1616 1604 sex.
1668 1570 1778 1603 Natus
1796 1578 1845 1603 est
1866 1572 1904 1602 in
1927 1572 2077 1609 familia,
2105 1572 2203 1605 cuius

1231 1622 1296 1653 suit
1314 1621 1498 1664 praecipua
1523 1621 1689 1654 nobilitas
1710 1620 1746 1652 in
1764 1620 1960 1658 Dardanis,
1987 1633 2026 1653 ex
2042 1620 2204 1654 Romana

1230 1671 1336 1712 stirpe
1348 1696 1356 1709 ‚
1384 1671 1482 1702 cuius
1499 1668 1584 1703 haec
1603 1671 1708 1703 series
1724 1670 1891 1702 traditur:

1494 1725 1646 1756 Eutropius
1689 1740 1756 1752 v
1777 1724 1895 1749 Claudia
1920 1734 2000 1756 uxor,
2031 1726 2081 1750 filia
2110 1726 2205 1760 Crispi,

1723 1755 1728 1795 Ι
1791 1757 1882 1783 fratris
1891 1758 1995 1784 Claudii
2010 1760 2187 1793 imperatoris.

1334 1824 1512 1849 Constantius
1531 1826 1660 1857 λ’λωρος,
1689 1825 1854 1858 imperator,
1884 1826 2010 1851 conditor
2029 1816 2138 1860 Spirae:

1522 1859 1567 1888 qui
1584 1859 1643 1883 vicit
1656 1859 1776 1884 Francos
1789 1863 1814 1883 et
1830 1859 1983 1885 Alemanos.

1342 1959 1407 1983 iunx
1425 1959 1587 1984 Constantii.
1757 1961 1874 1985 secunda
1897 1962 2014 1986 coniunx
2029 1961 2188 1989 Constantii.

1252 2000 1683 2018 w

1296 2025 1495 2050 Constantinus
1508 2025 1642 2057 Illagmts.
1760 2000 2189 2021 w

1746 2026 1873 2051 Anniba·
1911 2027 2043 2051 constan·
2075 2030 2206 2054 Constan-

1275 2070 1673 2085 ω
1761 2061 1854 2084 liunus
1907 2061 2045 2093 ti'uspater
2073 2063 2123 2094 tia,
2141 2063 2207 2088 Lici-

1263 2093 1433 2122 ]lIi'tiervimi,
1488 2092 1708 2121 Fauslffisecun-
1745 2093 1877 2119 Dalmatii
1916 2094 1990 2119 Galli
2023 2099 2047 2120 et
2073 2096 2110 2120 nii
2140 2106 2205 2121 con-

1236 2128 1322 2161 prima
1343 2126 1459 2152 coniunx
1510 2126 1543 2150 da
1563 2127 1683 2152 coniunx
1771 2133 1854 2162 pater.
1925 2127 2032 2154 tuliani.
2101 2129 2171 2154 iunx.

1266 2159 1438 2185 Constantini
1510 2160 1681 2186 Constantini

1295 2192 1399 2225 Magni.
1486 2193 1578 2226 Magni
1595 2213 1603 2226 ,
1647 2195 1700 2221 filia

1507 2227 1675 2255 Maximiani.

1540 2276 1604 2311 Eius
1618 2277 1664 2303 filii

1484 2311 1652 2325 p—--as-**
2098 2319 2213 2328 ⁴——

1283 2329 1406 2360 Crispus.
1512 2329 1584 2352 Cou-
1665 2331 1721 2354 Con
1726 2345 1737 2350 -
1818 2331 1873 2355 Con
1877 2345 1888 2350 -
1972 2330 2028 2354 Con
2033 2345 2043 2350 -
2095 2331 2124 2355 H
2125 2332 2211 2361 elena,

1490 2363 1596 2386 statili'-
1661 2369 1744 2388 stan-
1799 2368 1888 2390 stans.
1940 2366 2059 2395 alatilia,
2094 2365 2209 2391 coniunx

1487 2403 1539 2420 nus
1553 2395 1602 2420 Se·
1663 2398 1725 2423 tius.
1943 2398 2060 2423 coniunx
2104 2397 2198 2424 tuliani

1487 2429 1601 2456 cundus‚
1961 2431 2043 2466 Galli.
2088 2431 2208 2465 iii-pera-

2115 2470 2192 2491 toris.

1340 2506 1580 2542 Dalmatiam
1606 2506 1746 2542 Orienti
1776 2509 1937 2552 praefecit
1959 2508 2211 2543 Constantinus

1240 2558 1410 2597 Patruus,
1451 2560 1508 2592 sed
1536 2566 1653 2601 postea
1677 2566 1842 2601 regnante
1862 2558 2070 2593 Constantio
2104 2559 2212 2591 inter-

1243 2610 1353 2643 fectus
1379 2616 1440 2642 est.
1502 2605 1657 2642 Gallum
1675 2608 1900 2643 Constantius
1915 2608 2096 2643 Caesarem
2118 2609 2212 2649 fecit,
