2324 2955
114 111 187 148 501

114 193 375 241 (XXXVIII.)
413 196 520 232 Alia
557 193 848 240 disputatio:
893 195 941 232 de
964 198 1102 232 Sacer-

137 247 236 282 dotio
257 251 295 282 et
320 245 512 295 sacrificio.
566 248 667 289 (Opp.
685 248 778 284 Basil.
795 249 834 280 T.
849 248 906 281 111.
934 262 964 290 p.
981 249 1070 288 298.)

111 315 250 367 Magna
266 323 456 357 consolatio
475 323 655 367 proposita
673 330 722 357 est
737 321 948 358 Christianis
968 324 1005 358 in
1027 322 1103 357 iure

112 374 317 414 sacerdotii,
345 385 452 418 quare
467 374 654 416 diligenter
670 375 951 418 cognoscendum
970 381 1031 411 est.

214 426 248 458 2.
283 425 452 457 Sacerdos
470 431 520 458 est
545 425 704 469 proprie,
731 425 792 469 qui
819 422 926 459 habet
948 426 1002 459 ius
1025 425 1102 470 pla-

111 474 211 508 candi
233 473 366 513 Deum‚
401 481 433 508 et
458 475 632 509 tractandi
656 476 804 509 verbum
825 475 892 509 Dei
916 488 954 510 ac
978 476 1102 511 Sacra-

108 531 238 560 menta.

210 576 245 610 3.
279 574 379 609 Nulli
395 576 560 621 competit
575 588 734 622 unquam
751 576 788 610 in
807 578 942 611 mundo
967 578 1021 612 ius
1043 588 1099 611 sa-

109 626 256 659 cerdotii
269 653 277 667 ‚
305 627 375 659 nisi
391 627 577 661 autoritate
594 628 727 661 divina.

209 675 245 709 4.
281 675 320 710 Id
338 677 392 710 ius
410 679 479 710 iam
498 678 668 712 donatum
693 686 744 713 est
765 679 930 713 omnibus
953 678 1100 711 creden-

107 727 202 760 tibus
220 738 282 770 per
296 725 490 762 Christum.
544 727 681 762 Omnes
700 729 807 773 igitur
822 731 1001 763 credentes
1015 735 1099 762 sunt

107 776 331 816 sacerdotes,
366 775 433 811 hoc
456 785 528 819 est,
555 791 628 813 non
655 782 761 813 modo
785 787 1010 823 potestatem,
1038 779 1097 812 sed

105 828 310 861 mandatum
329 828 433 862 etiam
451 826 584 863 habent
599 831 763 874 placandi
778 830 905 866 Deum.

208 876 242 913 5.
283 877 356 912 Nec
385 886 503 912 tamen
534 881 616 914 licet
641 881 707 913 ulli
729 882 912 925 publicum
939 880 1098 914 ministe-

106 927 202 963 rium
221 929 260 961 in
274 927 430 963 Ecclesia
449 931 524 963 sine
541 931 726 964 vocatione
742 943 926 975 occupare.

210 980 244 1015 6.
281 979 522 1014 Sacerdotium
549 993 622 1013 non
648 988 699 1015 est
723 988 837 1014 certus
862 982 950 1014 ordo
978 979 1095 1014 homi-

104 1043 202 1072 num,
229 1030 444 1064 delectorum
461 1032 504 1064 ad
521 1031 666 1076 aliquod
684 1043 772 1076 opus
787 1044 850 1076 pro
869 1032 948 1065 aliis
964 1032 1096 1065 facien-

104 1083 188 1116 dum
205 1081 249 1115 ad
267 1081 477 1125 placandum
493 1081 618 1115 Deum.

207 1131 243 1167 7.
276 1131 367 1165 Nam
382 1129 449 1165 hoc
463 1139 635 1176 repugnat
653 1133 810 1166 iusticiae
829 1133 923 1166 fidei.

207 1184 242 1217 8.
282 1181 355 1215 Nec
378 1182 483 1215 missa
508 1190 559 1216 est
582 1195 689 1227 opus,
731 1184 933 1216 faciendum
958 1194 977 1215 a
1002 1188 1095 1215 certo

102 1233 248 1273 ordine,
283 1232 485 1266 institutum
506 1233 549 1265 ad
566 1233 776 1276 placandum
793 1232 907 1266 Deum
926 1244 990 1277 pro
1009 1232 1096 1266 aliis.

208 1283 246 1316 9.
282 1282 363 1315 Non
381 1289 432 1316 est
448 1282 554 1325 igitur
568 1284 789 1317 sacrificium.

211 1332 269 1367 10.
310 1331 458 1365 Nullum
483 1333 718 1366 sacerdotium
742 1333 819 1365 sine
843 1331 1012 1365 sacrificio
1038 1338 1098 1364 est.

104 1381 200 1428 Ergo
234 1390 267 1416 et
292 1382 423 1425 singuli
448 1380 641 1416 Christiani
672 1381 805 1417 habent
832 1394 894 1416 sua
918 1381 1098 1422 sacrificia,

105 1445 232 1477 nempe
248 1434 351 1465 fidem
367 1439 400 1465 et
415 1433 550 1465 fructus
566 1433 666 1474 fidei,
691 1434 912 1466 adflictiones
923 1459 932 1472 ,
959 1433 1096 1465 confes-

103 1484 237 1517 sionem
250 1509 260 1523 ,
287 1490 321 1516 et
337 1482 405 1514 alia
422 1482 515 1514 bona
535 1494 654 1525 opera.

207 1533 263 1568 11.
299 1531 430 1575 Magna
448 1532 641 1566 consolatio
657 1532 761 1566 etIam
778 1532 843 1566 sita
861 1538 912 1566 est
927 1532 964 1565 in
987 1531 1097 1565 sacri-

102 1584 172 1620 ficii
189 1583 403 1626 cognitione.

208 1636 266 1669 12.
300 1632 394 1675 Quia
413 1645 492 1666 cum
516 1633 723 1667 sacrificium
747 1632 792 1666 sit
811 1644 901 1677 opus
919 1630 995 1666 Deo
1018 1633 1095 1676 pla-

104 1697 203 1725 cens,
229 1685 366 1728 placere
384 1684 602 1717 adflictiones
623 1695 762 1718 necesse
785 1689 857 1724 est,
885 1694 965 1715 cum
980 1682 1096 1718 tsacri-

103 1735 181 1770 ficia
197 1741 377 1768 vocentur.

103 1834 327 1884 (XXXIX.)
360 1835 468 1869 Alia
502 1834 796 1880 disputatio:
835 1834 882 1869 de
910 1835 1038 1870 eodem
1057 1840 1095 1870 et

126 1886 317 1934 speciebus
332 1884 525 1933 sacrificii.
561 1888 662 1930 (Opp.
681 1888 774 1919 Basil.
791 1888 829 1920 T.
846 1888 905 1922 ΙΙΙ.
932 1901 963 1929 p.
981 1889 1071 1928 309.)

100 1959 315 2001 Necessaria
336 1969 387 1996 est
413 1960 613 2002 distinctio,
654 1960 748 1995 inter
770 1960 1037 1995 Sacramentum
1061 1968 1095 1996 et

103 2015 343 2055 Sacrificium,
369 2023 449 2046 cum
473 2012 624 2045 alterum
649 2012 692 2044 sit
715 2024 803 2056 opus
820 2011 887 2045 Dei
912 2024 991 2055 erga
1017 2023 1094 2054 ῃοε,

102 2069 252 2102 alterum
263 2093 272 2106 ,
299 2075 387 2108 opus
403 2068 565 2097 nostrum
581 2073 660 2105 erga
677 2061 802 2096 Deum.
866 2060 916 2096 Ac
933 2075 1016 2097 vero
1031 2075 1093 2097 ne-

103 2130 195 2153 cesse
211 2124 260 2150 est
278 2115 476 2149 discernere
496 2124 600 2158 opera
616 2112 682 2146 Dei
697 2125 714 2146 a
731 2113 878 2154 nostris,
905 2120 938 2147 et
956 2126 1093 2148 necesse

102 2177 170 2211 est,
196 2168 394 2201 discernere
412 2176 532 2209 opera,
559 2164 596 2196 in
615 2164 743 2208 quibus
759 2164 854 2198 Deus
870 2164 1007 2209 aliquid
1027 2177 1093 2199 no-

102 2221 158 2255 his
175 2217 295 2256 offert,
321 2223 354 2250 et
375 2216 457 2256 illa,
483 2215 519 2247 in
537 2214 666 2260 quibus
682 2214 778 2249 Deus
800 2227 872 2249 non
897 2215 1002 2250 offert
1027 2228 1091 2250 no-

101 2272 175 2311 bis,
202 2270 261 2304 sed
276 2279 341 2302 nos
356 2264 397 2300 D
408 2277 463 2299 eo.

203 2323 239 2356 2.
276 2319 542 2354 Sacramentum
565 2323 615 2350 est
635 2327 723 2360 opus
738 2314 804 2349 Dei
826 2317 985 2351 additum
1008 2329 1092 2362 pro-

103 2371 285 2412 missioni,
325 2370 362 2402 in
386 2380 455 2414 qua
480 2366 577 2402 Deus
600 2367 843 2401 remissionem
867 2375 1090 2412 peccatorum

105 2430 138 2458 et
155 2421 438 2457 iustificationem
454 2419 569 2455 offert.

205 2473 241 2507 3.
277 2470 367 2506 Cum
383 2477 498 2505 autem
513 2470 560 2503 sit
575 2481 750 2503 annexum
774 2469 1024 2514 promissioni,
1050 2482 1090 2504 ac

105 2525 201 2559 velut
225 2523 360 2568 pictura
386 2520 648 2565 promissionis,
688 2532 760 2554 non
788 2521 898 2562 valet,
931 2520 1000 2556 nisi
1022 2521 1088 2556 fulc

104 2575 297 2620 accipiatur
311 2572 507 2618 promissio.

211 2625 245 2659 4.
280 2623 392 2669 lgitur
400 2621 665 2659 Sacramentum
682 2634 754 2658 non
772 2624 915 2668 prodest
930 2635 971 2659 ex
987 2635 1091 2669 opere

105 2683 262 2724 operato·

755 107 1018 146 PHILIPPI
1052 105 1503 150 MELANTHONIS.

2070 123 2143 159 502

1259 196 1298 231 5.
1333 195 1488 232 Econtra
1504 197 1711 235 sacrificium
1729 209 1781 237 est
1795 214 1882 248 opus
1905 215 2065 242 nostrum
2083 222 2141 244 ex-

1155 243 1308 280 hibitum
1324 247 1400 282 Deo
1417 250 1460 282 ad
1483 247 1673 293 honorem,
1699 250 1767 287 hoc
1792 261 1860 296 est,
1888 259 1931 290 ad
1955 260 2142 294 testifican-

1155 297 1238 330 dum
1257 300 1351 343 quod
1371 311 1448 332 eum
1467 302 1699 343 agnoscimus.

1256 348 1290 382 6.
1324 349 1500 384 sacrificia
1525 360 1606 387 sunt
1627 354 1799 398 duplicia,
1827 358 1894 391 alia
1916 367 1997 394 sunt
2022 363 2144 407 propi-

1154 397 1320 459 ciatoria‚
1373 400 1442 434 alia
1478 411 1558 438 sunt
1593 405 1759 440 sacrificia
1789 407 1904 442 laudis
1939 422 2000 444 seu
2034 411 2143 457 εὐχα-

1154 460 1310 495 ριστικα.

1258 500 1292 535 7.
1325 498 1372 534 Et
1390 500 1454 535 hae
1472 511 1551 537 sunt
1576 505 1712 548 primae
1738 509 1868 551 species
1890 511 2070 554 sacrificii,
2107 516 2140 548 in

1154 561 1239 595 quas
1257 550 1421 585 distribui
1438 561 1583 597 possunt
1599 556 1767 589 sacrificia
1785 558 1870 600 legis
1891 559 2078 599 Mosaicae.

1256 601 1290 635 8.
1326 601 1578 648 Propiciatoria
1604 614 1746 650 propter
1770 608 2057 650 significationem
2088 617 2143 649 di—

1153 652 1324 686 cebantur
1346 654 1383 686 in
1410 655 1485 698 lege
1505 655 1636 701 Moysi.
1689 656 1947 695 Holocaustum
1977 675 2040 706 pro
2064 678 2143 709 pec-

1153 709 1251 747 cato,
1279 715 1343 747 pro
1362 705 1502 741 delicto,

1254 753 1289 788 9.
1328 754 1423 789 Haec
1453 768 1536 790 vero
1564 764 1663 792 erant
1694 756 1947 806 εὐχαρισῑικὰ,
2001 765 2144 806 oblatio,

1153 803 1298 845 libatio,
1326 807 1521 849 primitiae,
1551 809 1812 846 retributiones.

1257 855 1315 889 10.
1351 856 1419 890 Sed
1434 870 1553 891 revera
1571 871 1681 893 unum
1700 867 1835 895 tantum
1852 863 1917 897 fuit
1935 866 2145 900 sacrificium

1151 905 1442 949 propiciatorium
1455 909 1491 941 in
1503 911 1650 950 mundo,
1668 911 1798 945 scilicet
1816 925 1909 947 mors
1919 913 2063 958 Christi,
2081 930 2143 951 nec

1152 956 1248 990 aliud
1266 963 1325 989 aut
1345 958 1412 991 suit
1430 966 1489 992 aut
1509 960 1574 993 erit
1591 972 1748 1004 unquam
1765 964 2068 1006 propiciatorium.

1256 1007 1313 1040 11.
1349 1005 1413 1041 Est
1449 1016 1566 1042 autem
1599 1011 1805 1045 sacrificium
1841 1016 2145 1059 propiciatorium,

1151 1058 1246 1101 quod
1262 1064 1418 1091 meretur
1436 1059 1514 1092 aliis
1532 1060 1776 1095 remissionem
1802 1071 2042 1109 peccatorum,
2071 1069 2145 1102 cul-

1152 1119 1214 1152 pae
1234 1114 1266 1140 et
1282 1120 1414 1150 poenae
1433 1121 1550 1143 coram
1567 1109 1653 1144 Deo.

1258 1160 1315 1192 12.
1348 1159 1495 1193 Nullum
1521 1160 1588 1194 fuit
1612 1162 1649 1194 in
1668 1162 1743 1205 lege
1760 1174 1838 1196 vere
1855 1167 2144 1209 propiciatorium

1151 1209 1378 1249 sacrificium,
1412 1212 1471 1243 sed
1496 1211 1544 1243 sic
1572 1212 1781 1246 dicebantur
1805 1223 1948 1259 propter
1970 1218 2146 1261 significa-

1150 1259 1303 1299 tionem,
1330 1266 1363 1293 et
1379 1258 1557 1296 habebant
1575 1264 1753 1306 quandam
1772 1264 2041 1301 similitudinem
2059 1282 2144 1314 pro-

1152 1309 1329 1352 piciatorii
1348 1311 1526 1351 sacrificii,
1552 1313 1634 1356 quia
1652 1314 1878 1348 merebantur
1901 1319 2144 1355 remissionem

1152 1365 1374 1403 peccatorum
1398 1373 1515 1394 coram
1539 1359 1765 1404 hominibus,
1808 1362 1874 1399 hoc
1901 1374 1967 1409 est,
2011 1382 2055 1404 ne
2079 1371 2144 1411 illi,

1151 1409 1212 1454 qui
1230 1409 1473 1453 deliquerant,
1502 1412 1774 1448 excluderentur
1791 1426 1830 1448 ex
1847 1418 1969 1460 politia
1989 1420 2062 1457 illa,

1255 1460 1312 1493 13.
1348 1460 1420 1493 Nec
1437 1462 1474 1493 in
1491 1473 1586 1494 novo
1603 1462 1830 1498 Testamento
1848 1468 1961 1501 ullum
1987 1478 2037 1504 est
2060 1485 2143 1516 pro-

1152 1509 1377 1553 piciatorium
1393 1511 1602 1544 sacrificium
1619 1513 1814 1558 reliquum,
1842 1525 1979 1560 praeter
1994 1530 2143 1557 mortem

1150 1557 1297 1594 Christi.

1255 1608 1312 1643 14.
1346 1609 1456 1644 Missa
1480 1611 1590 1656 igitur
1615 1626 1687 1648 non
1713 1624 1870 1651 meretur
1900 1621 2143 1658 remissionem

1151 1668 1392 1704 peccatorum,
1419 1674 1483 1695 nec
1500 1671 1550 1697 est
1564 1677 1652 1709 opus
1670 1667 1939 1703 satisfactorium
1958 1684 2022 1716 pro
2040 1675 2143 1720 culpa

1151 1717 1210 1744 aut
1228 1722 1353 1755 poena.

1254 1759 1311 1795 15.
1348 1759 1485 1796 Omnes
1501 1765 1721 1800 adflictiones
1739 1775 1771 1802 et
1789 1771 1907 1804 omnia
1926 1774 2018 1808 bona
2035 1787 2142 1820 opera

1151 1811 1362 1846 Sanctorum
1379 1820 1462 1847 sunt
1479 1816 1646 1850 sacrificia
1664 1816 1911 1865 εὐχαρισῖικᾶ.

1255 1863 1313 1898 16.
1348 1862 1418 1897 Sed
1436 1876 1541 1899 nemo
1559 1874 1673 1911 potest
1689 1870 1805 1904 salvus
1823 1871 1899 1906 fieri
1916 1875 1990 1908 sine
2010 1878 2141 1910 sacrifi-

1148 1913 1201 1946 cio
1223 1913 1486 1957 propiciatorio.

1257 1971 1315 2006 17.
1352 1971 1464 2016 Igitur
1489 1975 1618 2018 singuli
1635 1974 1829 2012 Christiani
1858 1979 1988 2016 habent
2011 1986 2140 2030 duplex

1147 2022 1374 2064 sacrificium,
1401 2025 1692 2068 propiciatorium
1714 2035 1746 2062 ct
1763 2028 2030 2077 εὐχαρισῑικὸν.

1255 2081 1314 2117 18.
1354 2080 1424 2116 Sed
1448 2083 1596 2118 alterum
1622 2083 1753 2121 habent
1778 2088 1952 2132 alienum,
1988 2093 2136 2130 alterum

1147 2132 1341 2176 proprium.

1252 2192 1308 2227 19.
1349 2190 1518 2227 Alienum
1552 2201 1601 2228 est
1635 2195 1728 2228 enim
1761 2199 2072 2243 propiciatorium,
2116 2219 2135 2241 a

1145 2239 1287 2276 Christo
1306 2243 1477 2285 oblatum,
1502 2245 1602 2279 cuius
1617 2245 1751 2279 fructus
1769 2249 1871 2283 nobis
1888 2252 2050 2296 donatus,
2067 2255 2135 2291 fide

1144 2293 1325 2338 accipitur.

1249 2354 1310 2388 20.
1367 2353 1515 2398 Proprie
1557 2361 1638 2388 sunt
1680 2356 1846 2392 sacrificia
1882 2358 2131 2410 εὐχαριστικᾶ,

1144 2414 1224 2438 cum
1263 2415 1328 2438 nos
1367 2405 1547 2439 offerimus
1580 2405 1799 2442 adflictiones
1833 2416 1865 2443 et
1898 2412 1992 2448 bona
2025 2428 2131 2461 opera

1143 2461 1275 2491 nostra.

1244 2516 1306 2549 21.
1341 2513 1399 2548 Ius
1416 2515 1601 2549 sacerdotii
1624 2517 1694 2551 duo
1720 2520 1877 2556 continet
1898 2522 2028 2568 officia,
2053 2528 2129 2571 plag

1143 2577 1219 2598 care
1235 2563 1369 2605 Deum,
1395 2572 1427 2599 et
1442 2564 1516 2598 Deo
1531 2566 1667 2603 offerre,

1246 2626 1307 2660 22.
1341 2622 1387 2658 Et
1403 2624 1533 2667 singuli
1553 2627 1747 2661 sacerdotes
1764 2629 1892 2674 duplex
1918 2630 2047 2669 habent
2072 2647 2125 2670 sa-

1144 2674 1311 2709 crificium
1324 2702 1333 2718 ,
1358 2676 1647 2721 propiciatorium
1664 2684 1697 2713 et
1714 2676 1976 2728 εὐχαριστικὸν,

1440 2726 1490 2762 82
1509 2725 1526 2748 *
