2324 2955
123 137 192 171 621

118 228 152 254 et
176 219 360 263 promissio
387 218 596 257 coelibatus,
625 223 659 250 et
684 217 850 251 iubentur
873 215 1026 251 ordinati
1043 227 1096 249 sa-

119 270 270 303 crificare
296 282 358 312 pro
383 269 472 301 vivis
495 275 527 301 et
549 267 707 300 mortuis.
760 268 812 301 Ac
835 280 938 301 nemo
961 267 1097 299 medio-

118 321 223 353 criter
252 320 432 353 institutus
460 319 497 350 in
521 316 676 351 Ecclesia
701 331 774 351 non
798 318 964 361 intelligit
986 329 1098 362 quan-

117 378 193 404 tum
216 370 297 403 mali
323 370 365 402 sit
387 369 425 400 in
451 365 506 401 his
529 369 689 403 vinculis.
742 368 890 412 Propter
914 366 975 401 has
993 367 1097 401 etiam

116 420 314 454 manifestas
338 426 370 452 et
394 419 614 461 gravissimas
634 430 753 452 causas
771 419 957 462 fugiendus
976 424 1025 451 est
1040 415 1097 450 hic

115 472 202 504 ritus
217 468 487 513 Episcoporum.

216 526 276 561 45.
320 526 456 561 Graeca
483 526 636 561 Ecclesia
669 535 767 562 vetus
801 534 910 561 totam
944 526 1096 560 admini-

113 579 317 612 strationem
344 590 471 612 coenae
495 578 641 612 Domini
669 579 826 612 nominat
852 574 1094 624 λειτουργίαν,

114 630 207 674 quod
228 642 298 662 non
315 629 484 671 significat
500 628 727 669 sacrificium,
754 630 812 662 sed
832 628 1010 672 publicum
1029 627 1095 658 rni-

114 680 317 720 nisterium,
351 686 385 712 et
412 685 489 722 apte
516 679 679 722 congruit
707 680 750 712 ad
775 686 882 712 totam
908 677 1093 711 actionem.

112 728 201 763 Vult
224 728 319 763 Deus
346 729 513 761 immensa
544 730 703 763 bonitate
732 730 843 762 filium
873 727 1031 761 exaudiri
1063 735 1096 760 et

113 780 253 822 agnosci
269 780 306 811 in
320 785 395 812 toto
409 790 534 821 genere
548 777 716 815 humano.
770 778 852 812 Ideo
867 779 943 812 vult
957 784 1095 810 nostros

113 841 316 873 congressus
341 841 413 861 non
439 841 510 862 esse
534 830 665 863 similes
688 829 900 869 Eleusiniis,
934 829 993 861 sed
1019 828 1094 861 vult

112 878 295 913 honestam
325 886 358 913 et
388 880 565 923 publicam
595 881 900 924 congregationem
928 879 1023 919 fieri,
1056 885 1095 912 ut

111 931 179 964 late
195 930 354 964 doctrina
370 931 552 974 propagari
568 930 693 974 possit,
720 930 796 964 vult
813 929 967 973 conspici
982 926 1094 961 hone-

111 987 163 1014 sta
186 981 341 1024 exempla
366 981 403 1012 in
427 980 552 1013 ordine
575 991 846 1022 congressuum,
880 979 957 1013 vult
979 979 1094 1012 audiri

110 1038 144 1064 et
166 1031 314 1064 iudicari
339 1031 508 1063 doctores.
560 1027 612 1063 Ac
636 1037 749 1064 servat
765 1029 862 1064 Deus
879 1029 1014 1074 aliquas
1032 1042 1095 1073 po-

111 1080 224 1122 litias,
264 1088 304 1115 ut
332 1080 618 1123 congregationes
648 1079 814 1114 honestae
843 1080 918 1113 fieri
949 1080 1093 1124 possint.

111 1130 198 1164 Vult
216 1137 331 1164 autem
350 1128 477 1163 horum
497 1142 746 1173 congressuum
762 1143 910 1163 nervum
928 1141 1000 1163 esse
1015 1142 1095 1163 coe—

112 1193 193 1214 nam
208 1180 366 1216 Domini.
419 1180 527 1214 Fiunt
550 1192 630 1223 ergo
654 1179 739 1214 haec
755 1180 968 1221 ministeria,
995 1181 1096 1214 docet

110 1231 232 1265 Pastor
248 1229 480 1274 Evangelium
494 1258 504 1272 ‚
531 1228 691 1264 bortatur
712 1243 833 1265 omnes
856 1232 899 1264 ad
923 1231 1095 1275 precatio-

111 1293 192 1315 nem
219 1288 251 1314 et
275 1284 318 1314 ad
338 1281 528 1324 gratiarum
545 1282 736 1322 actionem,
762 1289 795 1315 et
812 1282 917 1314 simul
934 1293 1013 1314 cum
1033 1293 1095 1325 po-

112 1332 196 1375 pulo
220 1331 305 1364 dicit
322 1331 559 1374 precationem
575 1337 609 1364 et
627 1332 697 1374 agit
713 1332 855 1374 gratias,
883 1332 1010 1364 deinde
1028 1331 1096 1375 piis

111 1379 250 1415 exhibet
266 1392 391 1424 corpus
406 1388 437 1414 et
453 1381 657 1423 sanguinem
669 1379 815 1416 Christi.
867 1380 962 1414 Haec
977 1382 1095 1414 omnia

112 1438 261 1465 vetustas
286 1431 481 1463 nominavit
504 1428 748 1477 λειτουργίαν.
800 1429 846 1464 Et
865 1431 1005 1464 accessit
1023 1431 1096 1464 col-·

110 1481 192 1514 latio
209 1481 447 1524 eleemosynae
464 1481 507 1512 ad
523 1480 696 1514 iuvandos
710 1492 889 1525 pauperes.

211 1538 271 1572 46.
308 1538 466 1581 Papistae
483 1545 616 1572 mutato
634 1539 743 1572 veteri
760 1551 876 1579 more,
903 1539 1024 1572 dicunt
1040 1551 1095 1572 sa-

109 1590 302 1624 crificulum
334 1588 460 1621 offerre
491 1600 554 1632 pro
588 1588 678 1621 vivis
706 1596 740 1622 et
768 1588 934 1629 mortuis,
968 1596 1000 1622 et
1030 1587 1095 1621 hac

110 1640 287 1673 oblatione
311 1639 438 1671 mereri
459 1638 600 1672 facienti
623 1646 656 1673 et
679 1639 775 1680 aliis,
802 1646 835 1673 et
857 1651 1001 1683 prorsus
1018 1637 1094 1672 eth-

112 1691 189 1723 nico
222 1700 318 1721 more
351 1688 583 1729 addiderunt,
622 1689 748 1722 mereri
777 1701 878 1730 eum,
920 1701 959 1722 ex
989 1701 1095 1733 opere

111 1746 271 1783 operato,
304 1745 342 1771 nt
366 1739 579 1783 loquuntur,
611 1739 687 1772 sine
710 1740 806 1773 bono
829 1746 929 1774 motu
952 1741 1095 1775 utentis.

111 1791 203 1824 Haec
219 1789 400 1823 idolatrica
416 1790 607 1822 execranda
624 1796 717 1824 sunt.

212 1847 272 1883 47.
305 1847 408 1880 Nunc
425 1853 536 1880 astute.
553 1847 664 1892 aliqui
682 1845 766 1881 haec
784 1854 943 1892 portenta
960 1856 1095 1891 tegunt,

110 1908 142 1933 et
163 1906 202 1934 ut
217 1911 288 1932 rem
309 1905 341 1931 et
360 1898 650 1931 consuetudinem
666 1899 836 1932 retineant
852 1926 861 1939 ,
887 1899 990 1932 novis
1006 1900 1094 1933 fucis

107 1951 258 1994 pingunt
282 1960 436 1989 morem,
463 1948 584 1981 dicunt
609 1949 841 1982 sacrificulum
865 1961 939 1982 non
955 1950 1095 1991 mereri,

108 2001 167 2034 sed
185 1999 359 2043 adplicare
377 1996 551 2031 Ecclesiae
568 1999 734 2032 beneficia
753 1997 896 2033 Christi.

209 2057 270 2093 48.
303 2056 376 2090 Nos
399 2057 566 2098 dicimus,
592 2057 629 2089 in
653 2069 745 2090 novo
762 2057 988 2091 Testamento
1012 2058 1093 2091 nnl-

110 2112 177 2143 lam
199 2109 274 2141 fieri
300 2107 572 2151 adplicationem
594 2108 710 2141 alieno
725 2119 847 2152 opere,
871 2110 930 2141 sed
949 2109 1093 2152 proprio

107 2172 172 2194 usu
188 2158 406 2194 Sacramenti
429 2164 461 2191 et
486 2158 572 2198 fide,
605 2158 687 2202 qnia
712 2158 880 2202 seriptum
905 2166 970 2192 est:
1007 2157 1092 2192 Veri

107 2211 308 2245 adoratores
323 2208 523 2242 adorabunt
532 2214 666 2252 patrem
682 2209 720 2241 in
730 2209 854 2252 spiritu
869 2216 903 2243 et
918 2209 1074 2243 veritate.

207 2275 269 2312 49.
297 2273 345 2309 Et
359 2280 450 2308 recte
466 2274 635 2312 dicimus,
659 2273 924 2309 Sacramentum
942 2287 1014 2309 esse
1029 2277 1091 2309 ad—

108 2327 331 2372 plicationem
366 2325 538 2368 generalis
576 2325 821 2369 promissionis
850 2328 893 2359 ad
924 2327 1093 2369 singulos,

109 2378 171 2423 qui
192 2376 259 2410 fide
282 2382 440 2410 utuntur.
494 2374 674 2409 Accedens
691 2376 799 2418 igitur
814 2377 1089 2410 consolationem

109 2438 266 2474 quaeras,
291 2432 324 2459 et
337 2427 455 2459 credas
468 2432 502 2460 te
516 2423 582 2459 hoc
598 2427 743 2470 pignore
759 2426 971 2468 confirmari,
994 2429 1089 2472 qnod

110 2490 190 2512 vere
213 2477 258 2510 sis
282 2476 476 2509 membrum
502 2474 654 2518 Christi,
681 2483 715 2510 et
737 2478 831 2522 quod
858 2489 921 2521 pro
945 2485 977 2512 te
999 2490 1089 2523 quo-

109 2540 176 2574 que
205 2525 366 2561 Christus
396 2526 526 2560 fuderit
557 2528 774 2571 sangninem.
839 2526 962 2562 Postea
992 2539 1090 2562 acce-

108 2582 198 2612 dunt
219 2585 252 2611 et
274 2575 310 2610 hi
332 2588 434 2616 usus,
462 2579 556 2621 qnod
578 2579 706 2612 sumtio
724 2585 772 2611 est
789 2579 1029 2612 testimonium
1045 2580 1089 2614 de

107 2628 324 2663 consessione
353 2628 549 2666 doctrinae,
583 2629 735 2662 ostendit
765 2641 868 2674 quam
894 2627 1084 2663 Ecclesiam

105 2680 250 2725 probes,
276 2678 408 2721 obligat
430 2678 534 2712 etiam
551 2690 670 2714 omnes
687 2680 730 2714 ad
750 2686 907 2714 mutuam
924 2680 1086 2714 dilectio-

750 131 1010 167 PHILIPPI
1052 128 1496 166 MELANTHOMS.
2061 125 2130 159 622

1151 227 1230 247 nem
1242 242 1250 256 ‚
1278 223 1310 249 et
1328 217 1425 261 quasi
1442 217 1564 248 foedus
1581 223 1650 254 est,
1678 227 1747 258 quo
1765 212 1986 256 paciscuntur
2003 222 2134 249 omnes,

1150 277 1185 297 se
1215 278 1332 309 pacem
1363 274 1395 300 et
1427 267 1649 300 concordiam
1674 263 1850 299 Ecclesiae
1876 274 1948 295 non
1973 261 2130 295 turbatu-

1150 327 1206 349 ros
1225 328 1306 350 esse.

1176 425 1232 456 Ex
1256 426 1427 470 Gregorio
1452 426 1693 458 Nazianzeno
1720 423 1765 457 dc
1794 419 2109 467 appellationibus

1548 474 1618 522 filii
1640 476 1726 508 Dei.

1251 550 1392 582 ,lomi
1381 546 1453 596 stip
1479 561 1539 593 ιιοι
1566 549 1625 596 λέ)
1618 549 1735 582 εσθαῑ
1764 546 1839 585 dog
1862 544 1926 579 ιιὲι
1937 571 1946 588 ‚
1974 544 2025 577 ori
2047 557 2133 578 ται-

1149 611 1215 632 '501'
1239 599 1310 633 ἕΟἻΙ
1333 613 1384 632 ΤΗ)
1403 612 1509 642 ,ἿαΤΙΙι
1527 612 1621 633 ZUTC(
1640 610 1773 632 Otfflcll'
1782 624 1791 638 9
1821 608 1926 643 1.οἱὈέ
1942 593 2009 627 ‘ii‘
1999 608 2049 627 ΟΤΙ
2071 608 2130 629 GL·-

1152 662 1220 688 Ῐως
1243 663 1310 693 ἔχξί
1335 663 1425 694 Ἷο()3
1447 663 1510 683 ’[011
1534 662 1692 691 thcTepsr,
1722 662 1770 687 (Os
1794 660 1882 692 7003
1908 657 1996 679 101.)
2014 657 2070 690 Ao}
2074 658 2131 682 0¹3.

1149 712 1192 733 01)
1222 698 1341 744 [161011
1373 698 1434 734 (ila
1467 713 1508 733 ΤΟ
1538 697 1681 737 (Ulaflbg
1712 712 1775 743 ⁷²13
1800 694 1994 756 76’111;οΗ1139
2040 706 2132 727 amm(

1148 748 1208 783 καὶ
1236 749 1277 784 τὸ
1300 762 1369 785 συν
1373 748 1463 796 (usic
1478 748 1541 784 καὶ
1558 748 1599 783 τὸ
1619 750 1704 796 ἐξα)
1706 746 1872 796 762171261
1882 772 1893 790 ,
1921 744 1966 780 dt·
1964 759 1990 779 ·ι
1994 759 2015 778 ι.
2018 757 2077 788 uls·
2093 743 2131 778 ds

1149 798 1198 838 ὡς
1227 803 1498 845 σινῖϊρκῖικιῦς
1527 802 1603 834 τῶν
1631 813 1696 847 ρει
1700 798 1843 834 οιιένωιι
1853 823 1864 841 ,
1907 794 2021 840 (47.stst
2012 809 2062 829 ιη’
2094 792 2133 828 δὲ

1148 848 1197 888 ὡς
1226 849 1380 894 ruffam&
1402 863 1469 884 701)
1497 863 1634 895 Tla‘lpog
1660 862 1820 897 GqOUJIG
1845 861 1902 883 Aa!
1929 861 1993 892 κί’
1982 859 2026 880 OC(
2030 859 2091 889 277
2100 860 2133 889 ¹),

1148 903 1228 946 (μῦς
1245 899 1284 935 δὲ
1302 899 1351 939 υἷος
1371 898 1583 946 λαιιπρότης
1599 911 1748 947 utilem.
1779 898 1839 935 καὶ
1859 912 1905 946 71
1909 902 2004 935 (5⁶15.

1148 1031 1344 1080 (LXVII.)
1388 1037 1666 1079 Proposiiioncs
1698 1034 1742 1068 de
1777 1034 1992 1069 discrimine
2025 1042 2134 1064 cerae

1148 1087 1336 1120 Ecclesiae
1351 1087 1426 1120 Dea·
1445 1091 1481 1120 et
1499 1088 1657 1120 aliorum
1674 1085 1863 1120 hominum
1875 1110 1886 1127 ‚
1914 1082 2040 1128 quibus
2057 1082 2133 1115 ‹lis-

1144 1139 1297 1181 putavit
1319 1139 1371 1171 M.
1407 1138 1585 1171 Paulus
1617 1137 1670 1171 de
1704 1139 1847 1171 Eizen
1881 1133 2131 1178 Ilamburglen-

1147 1190 1221 1231 sis,
1262 1187 1586 1232 Superintendens
1608 1189 1791 1222 Ecclesiae
1816 1188 1890 1220 Dei
1924 1187 1960 1218 in
1993 1184 2132 1227 inclyta

1231 1237 1318 1272 urbe
1331 1240 1525 1273 Saxoniae
1539 1238 1767 1285 Hamburga.
1821 1239 1924 1272 Anno
1949 1233 2063 1270 1556:

1499 1290 1573 1323 Die
1593 1291 1688 1323 ssIm'i
1719 1288 1778 1324 IS.

1150 1366 1367 1417 Quanquam
1397 1373 1714 1406 demonstrationes
1743 1378 1825 1405 sunt
1857 1377 1981 1403 natura
2017 1375 2136 1405 notae,

1149 1434 1238 1466 quae
1267 1429 1439 1455 testantur
1471 1434 1542 1455 esse
1567 1422 1701 1463 Deum,
1735 1430 1768 1456 et
1797 1424 1923 1455 docent
1947 1420 2059 1465 qualis
2082 1419 2135 1453 sit.

1148 1480 1266 1505 tamen
1289 1472 1442 1504 assensio
1466 1473 1651 1515 languefit,
1679 1480 1710 1506 et
1731 1473 1834 1506 multi
1857 1479 1890 1505 et
1907 1471 2035 1504 assidui
2054 1477 2133 1501 sunt

1148 1527 1261 1554 aestus
1285 1528 1319 1554 et
1335 1520 1461 1565 Euripi
1486 1523 1746 1556 dubitationum
1761 1550 1769 1561 ‚
1795 1530 1826 1555 et
1850 1522 1932 1566 quia
1950 1522 1986 1552 in
2008 1520 2135 1553 ιηιίηἰ-
2157 1554 2160 1556 ,

1147 1572 1213 1605 hus
1231 1571 1341 1613 caligo
1359 1579 1427 1611 est,
1453 1578 1486 1605 et
1504 1574 1585 1617 quia
1599 1585 1724 1616 magna
1741 1580 1791 1606 est
1806 1573 1995 1616 impiorum
2013 1570 2135 1603 inulti-

1147 1623 1253 1662 tudo,
1281 1629 1314 1655 et
1334 1623 1443 1665 magis
1466 1623 1580 1656 floret.
1632 1622 1765 1657 Contra
1784 1635 1865 1656 vero
1883 1621 2036 1656 Ecclesia
2057 1631 2136 1652 coe·

1147 1679 1204 1705 tus
1233 1678 1284 1705 est
1317 1672 1478 1714 exiguus,
1516 1674 1640 1713 miser,
1677 1681 1832 1718 spretus,
1867 1674 1942 1706 sine
1974 1671 2137 1716 imperio,

1147 1723 1223 1755 sine
1248 1720 1412 1756 humanis
1438 1724 1640 1767 praesidiis,
1674 1736 1790 1767 aeger,
1818 1724 2024 1767 dissipatus,
2052 1733 2136 1754 exu-

1147 1773 1223 1806 lans
1248 1772 1284 1805 in
1309 1774 1459 1813 mundo,
1487 1780 1518 1807 et
1541 1775 1600 1818 qui
1619 1775 1761 1808 saevitia
1779 1782 2011 1820 tyrannorum
2035 1779 2066 1805 et
2084 1772 2135 1805 sa-

1148 1823 1344 1857 naticorum
1363 1824 1542 1857 furoribus
1559 1825 1696 1858 assidue
1714 1826 1896 1859 laceratur.

1250 1876 1285 1908 2.
1320 1872 1416 1907 Haec
1438 1875 1549 1908 tristia
1572 1876 1765 1919 spectacula
1783 1888 1860 1909 cum
1879 1876 2062 1908 intuentur
2080 1875 2136 1906 in-

1149 1924 1270 1956 firmae
1285 1931 1436 1963 mentes,
1461 1923 1711 1959 coborrescunt
1729 1933 1761 1959 et
1777 1927 1956 1970 disputant
1968 1952 1976 1962 ,
2005 1925 2060 1957 An
2077 1921 2135 1955 hic

1147 1974 1253 2006 miser
1282 1982 1400 2008 coetus
1428 1976 1470 2008 sit
1493 1974 1648 2009 Ecclesia
1674 1975 1755 2009 Dei:
1790 1978 1850 2009 sed
1875 1975 2135 2009 confirmandae

1146 2031 1229 2058 sunt
1245 2025 1452 2057 testimoniis
1467 2033 1500 2058 et
1518 2027 1812 2070 patefactionibus
1829 2026 1971 2059 divinis.

1250 2076 1284 2110 3.
1324 2074 1411 2109 Esse
1442 2076 1594 2120 aliquam
1625 2075 1691 2110 Dei
1714 2075 1908 2110 Ecclesiam
1943 2077 1977 2109 in
2011 2087 2136 2120 genere

1147 2122 1304 2158 humano
1335 2126 1558 2160 manifestum
1584 2134 1633 2160 est
1659 2140 1699 2161 ex
1724 2128 2017 2172 patefactionibns
2041 2127 2135 2159 divi-

1147 2176 1219 2216 nis,
1254 2177 1384 2221 quibus
1405 2176 1501 2210 Deus
1532 2178 1669 2212 addidit
1693 2179 1914 2216 testimonia,
1949 2178 2135 2211 resuscita-

1145 2226 1277 2260 tionem
1294 2234 1515 2261 mortuorum
1530 2255 1538 2267 ,
1565 2235 1596 2260 et
1613 2229 1680 2261 alia
1699 2229 1881 2263 miracula.
1934 2227 2012 2272 Ipsa
2030 2229 2134 2262 etiam

1145 2277 1353 2320 magnitudo
1368 2279 1605 2312 calamitatum
1624 2276 1858 2312 humanarum
1873 2286 1905 2312 et
1922 2279 1987 2318 lex,
2014 2287 2134 2313 osten-

1145 2327 1236 2361 dunt
1257 2339 1367 2371 genus
1389 2326 1583 2361 humanum
1608 2341 1679 2361 non
1700 2336 1835 2362 tantum
1855 2331 1898 2362 ad
1919 2328 2024 2364 huius
2042 2331 2134 2363 vitae

1144 2389 1330 2412 aerumnas
1352 2380 1534 2412 conditum
1560 2390 1649 2420 esse,
1684 2380 1765 2424 qnia
1790 2387 1819 2413 et
1845 2380 1918 2413 fieri
1941 2382 2132 2426 aliquando

1143 2428 1254 2472 legem
1284 2435 1439 2474 oportet,
1471 2437 1503 2464 et
1534 2429 1638 2462 finem
1669 2442 1741 2463 esse
1763 2431 2018 2471 calamitatum,
2052 2443 2131 2464 cum

1143 2478 1200 2513 fiet
1225 2480 1290 2514 lex.
1343 2479 1423 2512 Non
1447 2480 1540 2512 enim
1566 2481 1695 2514 frustra
1720 2481 1774 2514 lex
1792 2488 1825 2515 et
1842 2482 1946 2516 insita
1963 2488 2013 2516 est
2031 2493 2132 2515 men-

1141 2529 1256 2571 tibus,
1282 2536 1315 2563 et
1332 2530 1475 2574 repetita
1494 2542 1579 2563 voce
1595 2531 1728 2567 divina.

1243 2580 1280 2615 4.
1315 2580 1416 2622 Quae
1437 2587 1470 2614 et
1491 2581 1605 2626 qualis
1621 2581 1666 2616 sit
1682 2580 1838 2617 Ecclesia
1855 2581 1922 2617 Dei
1940 2584 2131 2618 ostendunt

1139 2630 1242 2664 etiarn
1268 2631 1349 2664 illae
1375 2631 1469 2676 ipsae
1493 2633 1753 2677 patefactiones.
1812 2633 1901 2667 Nam
1927 2635 1987 2667 ille
2012 2641 2131 2668 coetus

1137 2689 1187 2715 est
1205 2680 1377 2724 Ecclesia,
1401 2683 1438 2715 in
1461 2695 1531 2728 quo
1548 2682 1642 2718 Deus
1667 2696 1702 2718 se
1726 2685 1886 2729 patefecit
1908 2686 1943 2717 in
1962 2686 2130 2718 membris
