2324 2955
93 127 187 164 1025
656 129 681 164 I.

89 213 231 245 doniam
258 219 290 246 et
323 212 503 257 Illyricum
540 212 745 245 nominatur
770 212 919 247 Ceihim.
974 211 1073 253 Quae

91 269 206 295 autern
222 269 254 294 et
273 263 331 295 ubi
349 265 393 295 sit
412 262 641 303 Macedonia,
668 270 791 296 notum
813 270 871 296 est.
914 262 1071 295 Fuerunt

88 319 202 345 autem
238 313 347 344 vicini
384 312 620 345 Macedonum
657 310 877 357 Thucydidis
916 319 1070 354 tempore

88 361 246 395 l'oeones
264 364 306 395 ad
327 363 570 406 Strymonem,
597 369 629 395 et
656 363 861 405 significatio
881 362 1069 395 vocabulo-

90 424 169 445 rum
195 413 315 444 eadem
339 418 400 446 est.
462 411 550 444 Nam
573 411 690 445 Poeon
719 413 862 446 Graecis
888 413 979 445 idem
1008 417 1069 451 est,

88 463 184 506 quod
202 460 371 494 Hebraeis
387 459 524 496 Cethim
538 489 546 502 ‚
575 463 670 506 quod
700 463 867 505 significat
887 473 1068 506 percusso-

88 522 152 544 res.
204 511 279 543 Alii
303 523 429 543 nomen
459 511 577 544 Poeon
597 514 753 546 fecerunt
777 526 794 546 a
813 513 946 553 Paean,
973 511 1067 556 quod

88 562 233 594 vetustis
260 568 308 595 est
332 573 470 594 carmen
498 560 730 605 triumphale,
762 570 821 596 aut
855 570 904 596 est
939 572 1067 595 nomen

86 611 195 654 patris
210 609 442 650 Philoctetae,
472 613 532 656 qui
553 612 617 645 suit
635 612 796 646 Herculis
815 624 940 646 comes,
985 612 1066 645 Sive

86 661 195 703 igitur
217 672 236 694 a
261 662 435 702 victoriis,
463 663 534 694 sive
561 663 605 694 ab
629 661 790 696 Herculis
811 663 937 696 comite
952 661 1067 694 nomi-

85 711 160 744 nati
178 719 260 746 sunt
276 711 421 745 Poeonii
434 736 443 750 ,
470 724 601 744 nomen
620 724 691 745 esse
710 713 994 758 antiquissimum
1016 717 1066 744 te-

88 767 223 795 stantur
242 761 437 802 Homerus,
463 760 653 805 Euripides
675 770 708 797 et
731 761 968 807 Thucydides.
1021 759 1067 794 Et

85 811 168 855 quia
191 824 258 845 vox
276 811 408 845 Graeca
437 819 504 852 est,
532 813 704 845 coloniam
730 825 801 846 esse
820 813 989 845 (jsraecam
1005 823 1066 854 ap-

83 867 193 904 paret.
243 861 334 895 Cum
360 874 442 895 vcro
464 863 632 905 paulatim
657 876 674 895 a
692 862 877 907 Strymone
894 861 1065 905 progressi

84 917 166 944 sunt
187 912 230 944 ad
259 911 405 952 Istrum,
442 913 568 945 deinde
598 913 779 945 nominata
808 919 858 945 est
882 911 1065 944 Pannonia

84 972 169 993 voce
192 961 452 1006 aliquantulum
477 963 609 995 deflexa
637 974 655 994 a
680 962 847 995 Poeonia.
907 961 1066 1005 Cumque

87 1011 191 1054 stirps
207 1012 312 1045 suerit
329 1012 475 1052 (leaena,
501 1012 606 1044 urbes
625 1012 750 1044 veteris
766 1011 972 1043 Pannoniae
991 1022 1066 1042 ma-

83 1061 135 1103 gis
152 1067 295 1094 ornatae
312 1062 453 1094 suerunt
476 1061 629 1103 legibUS,
656 1061 841 1099 aedificiis,
869 1060 1065 1104 disciplina,

85 1121 190 1154 quam
208 1110 297 1143 aliae
313 1111 459 1145 vicinae.
510 1110 593 1143 Post
608 1111 902 1153 praedicationem
914 1111 1065 1154 Aposto-

82 1160 198 1193 lorum
217 1160 286 1193 cito
305 1160 408 1193 etiam
425 1159 601 1192 Ecclesiae
619 1160 667 1193 ibi
686 1162 894 1194 constitutae
912 1167 1004 1198 sunt,
1033 1167 1065 1193 et

83 1210 198 1243 studia
219 1209 374 1243 Graecae
390 1210 530 1252 linguae
556 1209 605 1242 ibi
624 1210 830 1244 floruerunt.
884 1211 972 1243 Nam
993 1210 1066 1243 Ire-

83 1271 190 1292 naeus
207 1257 401 1303 Episcopus
427 1261 462 1292 in
488 1260 628 1304 Syrmio
654 1261 825 1304 supplicio
844 1261 987 1293 affectus
1005 1267 1064 1295 est.

83 1308 205 1342 Fuisse
230 1317 345 1343 autem
371 1307 595 1354 Thucydidis
619 1317 775 1353 tempore
800 1311 906 1343 Getas
931 1312 1065 1343 vicinos

82 1358 248 1392 Poeoniis
268 1360 489 1393 manifestum
509 1366 576 1400 est,
604 1367 636 1393 et
653 1360 851 1393 Alexander
868 1373 945 1393 cum
964 1360 1064 1394 Geti-

82 1421 122 1442 co
148 1420 228 1451 rege
247 1408 373 1455 Syrmo
399 1410 531 1442 bellum
553 1410 677 1452 gessit,
704 1410 786 1443 inde
806 1411 985 1455 Syrmium
1003 1412 1063 1444 de-

83 1459 304 1493 nominatum
325 1471 396 1492 esse
413 1473 431 1493 a
448 1460 574 1505 Syrmo
590 1468 859 1494 consentaneum
878 1468 937 1496 est.

185 1509 257 1543 Diu
282 1516 397 1543 autem
425 1509 580 1544 Romani
605 1510 809 1544 Pannonios
831 1512 1065 1544 defenderunt.

84 1567 205 1593 contra
221 1560 355 1595 vicinos
369 1559 476 1593 Getas
499 1567 530 1593 et
548 1559 678 1600 Dacos,
703 1562 814 1594 donec
830 1563 972 1594 tandem
993 1559 1064 1593 Va-

82 1610 187 1643 lentis
207 1610 428 1654 imperatoris
452 1616 605 1653 tempore
625 1609 735 1643 Getae
760 1612 905 1644 victores
923 1611 1065 1643 Panno-

81 1659 177 1692 niam
195 1666 427 1702 occuparunt,
454 1666 487 1692 et
505 1661 644 1692 eosdem
669 1672 740 1693 esse
759 1661 866 1694 Getas
888 1668 919 1694 et
937 1660 1064 1693 Gottos

81 1721 156 1742 non
175 1709 324 1741 dubium
341 1716 402 1742 est.
446 1708 626 1742 Vetustior
644 1718 757 1743 autem
778 1713 874 1741 sedes
892 1710 1063 1741 Getarum

82 1760 120 1791 in
137 1756 220 1792 Asia
238 1770 325 1803 quae
341 1759 443 1791 suerit
456 1782 464 1795 ‚
491 1770 530 1790 ex
546 1758 728 1791 Herodoto
744 1759 892 1800 intelligi
909 1764 1030 1801 potest.

184 1808 424 1841 Valentiniani
445 1806 504 1839 ΙΙΙ.
531 1814 686 1850 tempore
715 1806 824 1840 Attila
848 1807 1000 1840 Ilunnos
1027 1807 1063 1839 in

80 1859 302 1896 Pannoniam
321 1857 476 1897 adduxit,
504 1864 536 1890 et
553 1857 621 1890 late
638 1858 812 1899 regnavit,
840 1858 895 1890 cui
913 1865 944 1890 et
963 1856 1061 1890 Cotti

82 1920 205 1954 parere
221 1921 293 1941 non
311 1914 527 1941 recusarunt.
571 1906 640 1941 Ubi
656 1914 770 1940 autem
791 1915 922 1940 veteres
939 1906 1063 1939 llunni

81 1959 232 2000 fuerint,
266 1971 306 1991 ex
332 1958 449 1991 Plinio
478 1957 625 1999 intelligi
659 1964 790 2001 potest,
826 1958 884 2002 qui
918 1958 1064 1990 collocat

82 2021 140 2044 eos
171 2010 264 2053 apud
295 2007 493 2047 Tocharos‚
527 2009 587 2052 qui
619 2006 815 2041 Bactrianis
855 2007 963 2040 vicini
989 2008 1064 2040 sue-

80 2066 177 2094 runt.
230 2058 347 2092 Sonus
375 2058 538 2092 vocabuli
563 2065 654 2091 certe
685 2059 846 2101 congruit
876 2070 954 2091 cum
986 2070 1064 2090 ver-

81 2111 127 2144 bo
151 2107 292 2147 Chana,
327 2111 420 2154 quod
446 2116 495 2142 est
521 2115 630 2141 castra
656 2110 780 2152 posuit.
842 2109 928 2141 Inde
954 2115 1065 2152 potest

81 2171 153 2193 esse
176 2158 318 2200 Hunni,
355 2160 452 2204 quasi
485 2165 593 2192 castra
625 2166 803 2201 ponentes.
863 2159 931 2191 Sed
963 2159 1064 2191 tertio

82 2221 176 2244 anno
192 2216 268 2253 post
286 2211 416 2243 Attilae
435 2216 581 2242 mortem
602 2209 701 2242 Cotti
729 2222 848 2243 rursus
868 2210 966 2253 potiti
985 2216 1065 2242 sunt

82 2263 189 2303 regn'o
208 2259 425 2294 Pannoniae.
479 2259 568 2292 Nam
587 2259 764 2303 (lepidae,
792 2261 851 2304 qui
870 2272 963 2292 nunc
985 2267 1064 2292 sunt

82 2310 242 2354 Sepusii‚
269 2322 347 2354 pars
366 2309 720 2343 sueruntGottorum.
773 2310 854 2344 Fuit
870 2308 1064 2343 autemAr-

82 2360 233 2400 daricus,
259 2361 319 2405 qui
338 2361 447 2393 filium
466 2359 596 2393 Attilae
612 2361 708 2401 vicit,
736 2372 794 2394 rex
809 2361 1037 2404 Gepidartnn.

183 2409 269 2443 Post
300 2420 427 2444 annos·
445 2418 584 2443 centum
610 2417 765 2454 tempore
792 2410 979 2444 Iustiniani
1008 2423 1062 2443 re-

83 2461 227 2494 dierunt
258 2459 400 2501 Hunni,
435 2468 466 2494 et
495 2461 650 2494 adiuncti
678 2462 725 2493 eis
750 2461 891 2495 suerunt
923 2462 1061 2501 ,Nx-ares,

83 2512 143 2556 qui
169 2518 385 2554 occuparunt
409 2509 597 2544 Thraciam
623 2518 655 2545 et
683 2512 815 2544 vicinas
844 2513 1002 2553 regiones
1031 2519 1062 2545 et

81 2560 315 2596 Pannoniam
368 2560 526 2594 Fuerunt
548 2569 663 2595 autem
692 2560 822 2594 Avares
847 2562 1060 2595 llnnnorum

82 2611 207 2652 vicini,
235 2623 273 2644 ex
298 2623 334 2644 ea
368 2613 509 2653 regione
539 2624 628 2656 quae
653 2610 757 2644 hodie
780 2613 906 2646 retinet
931 2624 1059 2645 nomen

82 2660 163 2695 Iura
185 2661 276 2695 ultra
300 2661 529 2695 Moscoviam.
579 2660 628 2697 Et
651 2675 780 2696 nomen
802 2663 934 2707 Ungui-i
961 2675 1061 2696 mur-

731 125 1021 163 CIIRONICON
1054 122 1298 162 CARIONJS.
1351 125 1475 161 PARS
1501 125 1546 159 Il¹

2010 127 2102 160 1026

1123 210 1198 254 pari
1219 211 1346 254 coepit,
1377 211 1607 255 compositum
1628 222 1665 243 ex
1681 209 1823 243 Hunnis
1839 216 1871 244 et
1888 207 1986 249 Iura,
2011 211 2097 243 sicut

1123 262 1212 303 apud
1235 261 1440 294 [ornandem
1461 262 1625 294 scribitur
1643 261 1848 300 Hunnivar,
1877 261 1970 304 quod
1994 260 2098 293 111111-

1122 312 1159 342 ni
1179 318 1209 343 et
1227 312 1252 343 ‚X
1262 323 1357 344 vares
1375 312 1475 344 mixti
1494 313 1647 344 fuerunt.

1222 360 1297 394 Etsi
1318 368 1432 394 autem
1459 368 1540 394 tunc
1563 361 1786 403 Longobardi
1806 360 1971 393 Noricum
1997 367 2029 393 et
2045 361 2097 391 vi-

1121 411 1196 443 cIna
1216 412 1289 444 loca
1307 419 1513 445 tenuerunt:
1539 419 1652 444 tamen
1670 412 1751 443 inde
1768 411 1834 442 cito
1856 411 2097 450 discesserunt,

1120 468 1153 494 et
1192 460 1324 504 [rigari
1363 463 1613 504 possessionem
1651 461 1749 501 regni
1788 467 1974 492 tennerunt
2016 461 2096 491 inde

1120 522 1229 555 usque
1247 524 1264 544 a
1285 511 1479 545 Iustiniano
1497 513 1539 544 ad
1560 522 1674 552 regern
1692 508 1878 542 Mattliiam
1899 521 2009 541 annos
2028 510 2097 541 cir-

1120 562 1205 594 citer
1221 562 1450 604 octingentos.
1504 561 1640 593 Interea
1663 572 1784 602 magna
1807 560 1897 592 bella
1916 572 1991 591 cum
2009 558 2096 591 Bul-

1119 612 1225 653 garis,
1253 618 1370 654 postea
1394 623 1472 644 cum
1498 611 1741 652 Longobardis
1769 610 1804 640 in
1821 609 1941 647 Italia,
1969 609 2094 641 deinde

1119 674 1195 693 cum
1208 661 1394 693 Germanis
1411 668 1487 704 post
1507 658 1730 703 Arnolphum
1748 659 1989 701 imperatorem
2009 665 2096 691 tem-

1118 723 1201 754 pore
1218 711 1363 743 Henrici
1380 710 1556 754 Aucupis‚
1584 717 1616 743 et
1632 710 1794 752 deinceps
1814 715 2008 750 gesserunt,
2036 709 2094 739 sed

1118 768 1233 794 tamen
1253 761 1421 804 possessio
1443 761 1647 793 Pannoniae
1670 770 1774 803 penes
1792 758 1980 800 Ilungaros
1995 769 2095 790 man-

1118 811 1180 850 sit,
1208 812 1268 855 qui
1281 822 1400 844 recens
1417 811 1554 844 circiter
1571 817 1709 843 centum
1734 820 1844 842 annos
1866 808 1938 841 Deo
1955 808 2095 840 iuvante

1118 861 1255 894 sortiter
1271 869 1508 905 represserunt
1526 861 1678 901 Tureos,
1706 872 1744 892 ac
1763 859 1857 892 velut
1876 869 1995 891 murus
2014 858 2095 889 reli-

1119 923 1206 955 quae
1221 910 1384 954 Europae
1411 913 1578 944 adversus
1602 923 1658 944 eos
1682 911 1835 943 suerunt.
1890 908 1994 950 Quod
2014 919 2093 939 vero

1118 962 1260 1005 quidam
1278 968 1441 999 narrant,
1467 961 1632 994 Carolum
1651 961 1799 1003 potitum
1818 970 1887 991 esse
1899 958 2095 993 Pannonia,

1117 1018 1150 1043 et
1167 1011 1339 1043 coloniam
1357 1022 1396 1042 eo
1412 1012 1613 1049 deduxisse,
1641 1010 1754 1042 inanis
1779 1010 1895 1041 sabula
1914 1015 1973 1042 est.
2026 1006 2096 1039 Sed

1118 1060 1350 1093 Teutonicam
1369 1060 1523 1102 linguam
1541 1060 1731 1092 retinentes
1748 1060 1790 1090 ad
1806 1057 1994 1100 Carpatum
2011 1062 2042 1087 et
2061 1057 2097 1087 in

1094 1124 1097 1128 ·
1118 1110 1244 1142 vicinia
1263 1110 1432 1154 reliquiae
1451 1116 1531 1142 sunt
1551 1109 1742 1142 Gottorum
1759 1114 1926 1140 veterum.

1216 1167 1311 1201 Haec
1335 1168 1487 1200 breviter
1512 1166 1568 1200 hic
1595 1167 1755 1203 recitavi,
1789 1172 1828 1198 ut
1855 1165 1959 1198 series
1980 1176 2097 1198 rerum

1117 1218 1401 1251 Pannonicarum
1423 1219 1542 1262 aliquo
1560 1218 1665 1250 modo
1683 1217 1718 1249 in
1738 1222 1923 1259 conspectu
1941 1221 2038 1248 esset.

1221 1276 1265 1310 Ut
1282 1283 1396 1309 autem
1410 1276 1602 1309 *ardaricus
1619 1275 1701 1308 vicit
1718 1275 1827 1306 filium
1842 1274 1969 1307 Attilae
1983 1270 2094 1305 Ellac:

1118 1328 1163 1360 ita
1198 1327 1287 1359 circa
1319 1326 1456 1359 Budam
1489 1325 1687 1358 &Vallemir
1719 1336 1776 1356 rex
1809 1323 1970 1356 Gotticus
2014 1322 2096 1354 vicit

1117 1378 1224 1409 alium
1244 1377 1352 1409 lilium
1372 1374 1501 1408 Attilae
1523 1374 1748 1408 Dincionem.
1802 1373 1960 1418 Reliquit
1977 1379 2095 1405 autem

1116 1426 1280 1460 heredem
1310 1427 1451 1459 fratrem
1475 1423 1715 1464 'shendomir‚
1749 1436 1826 1456 cuin
1860 1436 1928 1467 quo
1961 1434 2096 1455 summa

1117 1477 1303 1510 concordia
1323 1476 1466 1510 vixerat.
1510 1475 1541 1508 ls
1559 1473 1782 1507 Theudomir
1800 1481 1894 1518 pater
1911 1480 1960 1505 est
1975 1470 2096 1504 Theo-

1117 1528 1225 1560 derici
1248 1526 1478 1565 Veronensis,
1502 1532 1540 1558 nt
1557 1537 1621 1558 nos
1642 1525 1884 1561 nominamus,
1912 1523 1972 1567 qui
1997 1533 2015 1554 a
2031 1521 2097 1553 Ze-

1116 1589 1209 1610 none
1240 1578 1276 1609 in
1300 1576 1438 1609 Italiam
1464 1577 1589 1608 missus
1617 1573 1820 1608 Odoacrum
1850 1572 2037 1617 oppressit,
2065 1578 2097 1604 et

1120 1627 1256 1660 Italiam
1274 1627 1362 1660 rexit
1380 1638 1492 1660 annos
1508 1626 1649 1670 trigInta
1666 1632 1746 1659 tres.

1117 1736 1204 1776 Ouo
1232 1738 1439 1777 tempore
1468 1733 1661 1767 condita
1686 1736 1751 1766 sit
1784 1732 1887 1766 urbs
1916 1734 2094 1766 Veneta

1298 1787 1343 1818 in
1371 1786 1477 1818 sinu
1503 1785 1646 1817 mccris
1670 1782 1920 1815 Adriatici.

1218 1858 1369 1892 Gentem
1402 1857 1576 1891 Ilenetam
1610 1857 1761 1890 vicinam
1792 1857 1897 1889 fuisse
1925 1855 2097 1901 Phrygiae

1117 1910 1337 1941 manifestum
1363 1915 1412 1941 est
1429 1920 1467 1940 ex
1484 1907 1641 1940 Homero
1665 1914 1697 1940 et
1716 1906 1920 1949 Apollonio,
1972 1905 2023 1938 Ea
2044 1918 2098 1939 re-

1117 1960 1172 2002 gio
1191 1965 1306 2002 postea
1327 1959 1418 1991 dicta
1444 1966 1492 1991 est
1515 1955 1753 2001 Paphlagonia
1776 1968 1794 1989 a
1816 1953 1992 1999 Paphlago
2011 1954 2097 1988 Phi—

1118 2011 1173 2042 nei
1191 2009 1278 2042 lilio.
1330 2007 1468 2041 Deinde
1487 2008 1620 2041 Galatis
1647 2008 1681 2039 in
1701 2019 1738 2039 ea
1756 2006 1898 2047 regione
1922 2007 2018 2038 sedes
2034 2007 2098 2039 da·-

1117 2067 1171 2093 tae
1188 2067 1287 2098 sunt,
1315 2070 1402 2102 quos
1421 2059 1457 2090 in
1476 2058 1594 2090 Asiam
1621 2058 1760 2090 attraxit
1785 2053 1987 2088 Antiochus
2010 2055 2097 2089 Ilie-

1117 2122 1176 2143 rax
1204 2110 1294 2143 inter
1320 2107 1508 2154 Phrygiam
1533 2115 1566 2141 et
1589 2106 1781 2153 Chalybes,
1809 2108 1870 2151 qui
1894 2118 1997 2139 xenas
2013 2107 2097 2139 ferri

1120 2168 1153 2193 et
1171 2160 1302 2201 argenti
1328 2157 1546 2199 habuerunt,
1575 2159 1670 2190 unde
1696 2169 1825 2189 nomen
1843 2157 1907 2189 suit
1925 2155 2036 2201 Alybe
2053 2157 2097 2189 ab

1117 2209 1277 2243 llebraea
1301 2222 1385 2243 voce
1407 2208 1522 2246 lobel,
1558 2209 1651 2253 quod
1676 2208 1815 2251 proprie
1833 2207 1999 2249 signifieat
2018 2206 2097 2239 Me-

1118 2261 1251 2295 tallum.
1303 2258 1356 2293 Ex
1375 2272 1458 2292 voce
1475 2266 1588 2292 autem
1610 2258 1722 2302 Alybe
1746 2258 1874 2290 sactum
1901 2262 1950 2289 est
1967 2268 2095 2290 nomen

1116 2307 1316 2355 Chalybes.

1217 2360 1435 2393 Mentionem
1462 2359 1543 2392 facit
1569 2357 1788 2391 Uenetorum
1821 2364 1853 2391 et
1883 2356 2095 2395 Herodotus,

1116 2412 1174 2444 sed
1203 2418 1283 2444 tunc
1317 2422 1394 2443 cum
1426 2415 1617 2442 tenuerunt
1649 2409 1747 2442 littus
1779 2408 1884 2440 maris
1913 2408 2097 2442 Adriatici,

1115 2461 1398 2494 Consentaneum
1416 2466 1464 2492 est
1483 2466 1596 2492 autem
1614 2459 1838 2492 vetustiorem
1857 2459 1973 2491 sedem
1991 2457 2095 2490 fuisse

1115 2524 1219 2556 quam
1239 2518 1427 2545 tenuerunt
1442 2510 1523 2542 belli
1535 2509 1682 2542 Troiani
1696 2516 1850 2551 tempore
1863 2520 1972 2552 prope
1983 2505 2095 2552 Phry-

1115 2563 1216 2604 giam.
1272 2562 1322 2594 Ac
1340 2567 1481 2593 inurant
1502 2567 1577 2604 post
1595 2560 1725 2592 bellum
1746 2559 1940 2592 't'roiannm
1958 2559 2000 2590 ab
2023 2557 2093 2588 Λιι-

1115 2619 1235 2645 tenore
1261 2613 1300 2644 ad
1331 2612 1447 2644 sinum
1474 2611 1577 2642 maris
1604 2610 1773 2642 Adriatici
1800 2608 1952 2642 llenetos
1971 2609 2092 2639 ductos

1113 2675 1198 2705 csse,
1224 2663 1379 2696 fortassis
1399 2663 1489 2694 idem
1509 2661 1606 2694 duxit
1626 2672 1683 2693 eos
1702 2661 1738 2693 in
1755 2660 1905 2693 vicinam
1924 2656 2092 2701 ΙΙΙ-11411111.
