2324 2955
207 113 282 149 775

213 200 250 232 in
271 210 338 244 qua
370 197 486 229 literas
509 193 688 236 finxerat,
726 192 831 236 capiti
856 192 939 226 Lini
971 193 1092 235 illisit,
1123 207 1194 240 quo

213 250 283 283 ictu
301 247 411 280 Linus
426 250 584 277 mortuus
605 249 667 276 est.
719 242 889 276 Scribunt
907 241 1001 277 hunc
1026 256 1065 278 ex
1081 242 1195 278 Phoe-

214 299 306 332 nicia
339 295 516 328 doctrinas
547 293 584 326 in
610 292 793 326 Graeciam
825 294 991 329 attulisse.
1050 293 1196 340 Reliqui

214 348 390 381 habentur
415 344 518 389 pauci
544 343 652 387 ipsius
680 355 821 384 versus,
858 356 1008 388 quorum
1033 342 1090 377 laic
1107 347 1196 379 cele-

214 396 433 431 bratissimus
456 402 520 428 est:
550 390 678 428 Ῥάὸια
699 390 821 428 πάντα
845 394 925 440 θεῷ
948 393 1109 437 τελέσαι,
1135 394 1197 430 καὶ

216 443 426 491 &mrim-1011
442 442 562 479 οὐδὲν.

316 492 487 541 Orpheus
506 494 588 528 Lini
605 495 764 535 auditor,
791 494 859 528 suit
877 506 991 529 comes
1009 493 1196 539 Argonau-

216 555 343 582 tarum.
396 545 543 589 Scripsit
562 545 652 578 bella
672 544 862 585 Titanum,
889 552 922 578 et
940 547 1196 590 expeditionem

215 597 513 640 Argonautarum.
574 595 749 630 Scribitur
774 596 966 639 discerptus
988 608 1060 629 esse
1085 609 1102 630 a
1119 609 1197 630 mn-

217 648 362 680 lieribus
390 647 426 678 in
458 643 629 684 Thracia,
666 646 914 690 superstitione
946 647 1083 692 aliqua,
1117 648 1198 692 quia

216 703 411 731 mutaverat
428 697 530 738 leges.

319 746 499 779 Ilomertts
522 746 608 779 vixit
634 754 711 790 post
727 747 860 780 bellum
879 746 1093 788 Troianum,
1119 759 1196 780 cum

217 804 329 832 essent
345 797 453 830 exacti
470 797 553 829 anni
571 803 711 829 centum
728 805 759 830 et
777 797 1045 841 quinquaginta,
1073 805 1105 831 et
1119 805 1197 830 ante

217 848 393 882 conditam
418 846 569 880 Romam
595 859 707 880 annos
731 847 869 880 circiter
892 854 1030 880 centum
1048 855 1080 881 et
1093 849 1198 893 quin-

218 898 395 944 quaginta.
455 897 538 930 Non
564 898 685 940 procul
712 898 808 931 abest
830 898 873 929 ab
890 896 1014 931 Esaiae
1033 906 1197 941 tempore.

217 947 305 982 Eius
340 959 479 981 carmen
518 948 671 981 ostendit
701 946 907 990 Principum
945 948 1094 981 familias
1125 950 1198 982 eius

218 999 360 1038 aetatis,
386 1005 419 1031 et
443 998 556 1041 pingit
578 997 746 1040 imagines
768 998 944 1030 variarum
960 1010 1199 1042 personarum,

218 1048 466 1086 consiliorum,
508 1054 541 1080 et
577 1047 794 1080 mirabilium
829 1054 1016 1079 eventuum
1048 1048 1084 1078 in
1116 1049 1224 1081 vitas

218 1099 318 1141 Quae
336 1098 506 1139 imagines
524 1102 605 1129 sunt
623 1095 776 1139 exempla
796 1103 827 1128 et
844 1097 1199 1128 commonefactiones

218 1152 262 1183 de
284 1148 404 1181 multis
429 1146 562 1189 magnis
592 1147 708 1179 rebus.
768 1145 883 1178 Simul
913 1146 1016 1178 etiam
1050 1146 1199 1178 dulcedo

219 1198 384 1234 carminis
404 1195 582 1229 Homerici
609 1195 782 1236 ostendit,
816 1196 853 1227 in
880 1194 995 1228 lonica
1021 1203 1122 1238 gente
1141 1208 1200 1228 ex-

219 1250 400 1283 cellentem
418 1247 523 1280 fuisse
540 1246 681 1289 liuguae
698 1246 902 1280 suavitatem
914 1272 923 1286 ,
946 1252 978 1279 et
994 1257 1118 1289 magna
1137 1247 1200 1279 do-

220 1300 412 1333 ctrinarum
433 1298 561 1330 studia.

318 1344 503 1381 Hesiodus
529 1346 631 1387 vixit,
658 1358 737 1380 cum
762 1346 847 1379 anni
867 1353 1007 1379 centum
1028 1353 1106 1391 post
1125 1345 1201 1378 Ho—

218 1411 354 1433 merum
371 1398 477 1431 exacti
494 1404 624 1437 essent,
649 1398 830 1441 aliquanto
855 1404 936 1430 ante
953 1404 1089 1441 tempus
1105 1397 1201 1429 exilii

218 1448 438 1494 Babylonici.
498 1447 581 1481 Fuit
610 1450 770 1480 sacerdos
799 1448 920 1491 templi
945 1447 1129 1481 Musarum
1164 1447 1201 1479 in

219 1500 401 1534 Helicone.
454 1496 544 1530 Nam
567 1496 675 1530 Ascra
700 1497 848 1531 Hesiodi
872 1498 984 1542 patria
1007 1500 1048 1531 ad
1067 1498 1202 1530 radices

219 1550 350 1584 montis
383 1547 565 1580 Heliconis
595 1548 659 1580 sita
690 1548 767 1581 fuit.
836 1547 966 1582 Scribit
999 1548 1202 1588 Pausanias,

220 1601 294 1634 eius
315 1610 454 1633 carmen
470 1596 585 1631 adhuc
601 1609 664 1631 suo
682 1605 837 1642 ternpore
852 1599 889 1631 in
909 1599 1082 1642 plumbeis
1099 1599 1200 1632 tabu-

220 1652 263 1684 lis
288 1651 324 1683 in
349 1661 389 1681 eo
412 1649 543 1692 templo
567 1655 742 1682 servatum
767 1660 851 1684 esse.
902 1648 965 1681 Est
986 1656 1101 1681 autem
1119 1661 1201 1692 par—

220 1702 284 1735 tim
306 1699 426 1734 concio
456 1700 498 1731 de
528 1697 702 1735 moribus,
739 1698 866 1742 partim
893 1699 977 1730 anni
1002 1697 1201 1740 descriptio,

221 1763 282 1785 seu
299 1757 338 1784 ut
357 1760 422 1782 nos
440 1747 683 1788 nominamus,
711 1746 974 1781 Calendarium.

220 1801 326 1835 fuisse
351 1796 573 1833 ethnicorum
595 1798 811 1831 sacerdotum
829 1798 1023 1830 doctrinam
1047 1803 1202 1841 apparet,

221 1851 383 1884 videlicet
401 1855 580 1893 praecepta
605 1849 648 1881 de
665 1849 839 1888 moribus,
867 1854 899 1880 et
921 1848 1201 1892 qualemcunque

221 1901 306 1935 anni
325 1899 612 1943 descriptionem,
638 1905 811 1942 sumptam
835 1898 878 1930 ab
896 1898 1031 1931 ortibus
1053 1906 1085 1932 et
1103 1910 1201 1930 occa-

221 1952 317 1985 sibus
341 1949 535 1984 stellarum.
595 1947 758 1982 Vetustas
783 1955 815 1981 et
839 1949 947 1981 alium
971 1949 1101 1982 librum
1128 1947 1201 1980 He-

221 2002 312 2036 siodi
335 1998 476 2039 habuit,
511 1997 771 2041 Astrologicum
793 1999 974 2040 videlicet,
1002 2012 1105 2044 quem
1128 1997 1201 2030 Pli-

220 2053 302 2086 nius
317 2051 412 2094 citat,
436 2050 472 2082 in
489 2061 558 2094 quo
574 2049 730 2093 plurium
750 2049 928 2082 stellarum
948 2050 1201 2094 descriptiones

221 2103 326 2136 fuisse
343 2106 504 2144 apparet,
532 2111 635 2144 quam
659 2099 696 2131 in
724 2111 763 2133 eo
781 2100 872 2133 libro
891 2100 951 2144 qui
968 2097 1082 2133 adhuc
1101 2106 1201 2136 extat.

220 2152 305 2186 Fuit
320 2151 427 2194 igitur
444 2157 542 2184 vetus
558 2149 727 2194 sapientia
744 2148 912 2183 Graeciae
930 2151 1099 2194 particula
1116 2152 1201 2194 legis

221 2203 264 2236 de
281 2202 456 2242 moribus,
482 2213 561 2234 cum
577 2207 702 2234 natura
718 2207 820 2241 nota,
845 2207 921 2234 tum
943 2208 1080 2245 accepta
1099 2214 1116 2234 a
1140 2213 1202 2245 pa—

222 2253 344 2286 tribus.
404 2250 512 2290 Item,
540 2249 727 2296 Inquisitio
752 2248 942 2284 herbarum
970 2258 1002 2285 et
1027 2252 1201 2285 remedio-

223 2314 321 2343 rum,
347 2301 580 2335 consideratio
597 2301 793 2343 stellarum‚
819 2308 852 2336 et
869 2301 1121 2348 qualiscunque
1139 2314 1202 2335 an-

223 2353 262 2386 ni
291 2351 488 2395 descriptio.

224 2464 312 2499 quos
328 2451 431 2485 multi
450 2452 669 2495 navigarunt.

324 2500 520 2534 Hesiodum
548 2503 706 2536 scribunt
732 2514 849 2536 senem
880 2503 1100 2537 interfectum
1130 2514 1202 2537 esse

223 2555 267 2587 ab
300 2550 519 2596 hospitibus,
561 2563 621 2585 seu
656 2564 773 2586 errore
809 2565 870 2587 seu
904 2555 1053 2598 praedae
1087 2565 1200 2590 causa.

223 2602 501 2639 Considerentur
521 2608 636 2635 autem
662 2603 854 2637 multorum
879 2604 1124 2638 excellentium
1147 2604 1202 2636 vi-

224 2665 345 2689 rorum
376 2652 491 2688 tristes
519 2652 698 2694 interitus,
733 2665 882 2697 quorum
911 2656 1004 2699 apud
1031 2652 1202 2689 Ethnicos

456 111 659 146 SCRIPTA
686 110 759 144 ΡΗ.
791 108 903 147 MEL,
932 109 997 144 AD
1022 110 1146 146 HIST.
1174 111 1316 148 PROF.
1344 110 1408 145 ET
1436 109 1628 146 PHILOS.
1657 110 1976 148 SPECTANTtA.

1025 1746 1078 1780 Ac
1096 1747 1200 1780 talem
1225 1755 1227 1764 ’

547 2350 595 2385 Et
624 2352 660 2385 in
697 2350 752 2385 his
776 2352 946 2386 doctrinis
978 2354 1200 2397 praecipuam
1226 2365 1227 2394 j

223 2409 357 2447 partem
385 2413 404 2434 a
425 2400 662 2435 Phoenicibus
695 2409 728 2437 et
760 2401 942 2448 Aegyptiis
972 2404 1121 2448 accepit,
1157 2406 1201 2437 ad
1226 2400 1227 2432 j

2152 114 2224 150 776

1246 206 1345 238 saepe
1366 205 1467 227 causa
1491 194 1559 228 fuit
1582 195 1799 229 confirmatio
1825 196 2019 239 idolorum,
2045 205 2084 233 ut
2101 197 2225 231 mortis

1246 242 1384 288 Orphei
1403 251 1435 277 et
1450 243 1608 278 Hesiodi.
1659 243 1734 279 Etsi
1752 252 1868 280 autem
1887 246 1925 280 fit
1947 249 2078 281 mentio
2094 249 2224 282 multo-

1246 308 1323 328 rum
1341 295 1492 328 aliorum
1510 301 1627 328 vatum
1647 302 1679 328 et
1695 296 1905 340 scriptorum
1930 296 1965 328 in
1989 294 2052 330 hac
2070 299 2224 342 antiqui-

1246 353 1315 379 tate
1332 345 1465 388 primae
1487 342 1731 387 monarchiae,
1758 353 1874 380 tamen
1898 358 1956 380 eos
1972 348 2107 382 omitto.
2160 348 2224 382 Ut-

1246 408 1384 440 cunque
1403 396 1495 428 enim
1516 407 1555 427 ex
1573 392 1700 428 horum
1718 398 1973 438 monumentis,
2001 410 2087 442 quos
2105 409 2224 430 recen-

1247 447 1317 483 sui,
1352 446 1501 488 intelligi
1533 452 1663 489 potest,
1694 458 1782 490 quae
1806 447 1911 480 fuerit
1934 455 2032 481 vetus
2057 447 2224 481 Graeciae

1247 496 1417 540 sapientia
1430 523 1439 536 ,
1467 497 1561 540 quod
1581 495 1876 529 considerandum
1896 505 1956 533 est.

1349 546 1463 580 Simul
1480 552 1593 578 autem
1612 558 1748 579 necesse
1765 555 1813 580 cst
1828 554 1944 580 mente
1961 547 2121 589 cogitare,
2140 549 2224 592 quid

1248 597 1385 631 intersit
1403 597 1495 630 inter
1514 594 1748 630 Ethnicorum
1767 603 1800 630 et
1817 595 1993 630 Ecclesiae
2009 597 2226 639 sapientiam,

1248 655 1280 681 et
1304 647 1365 680 ubi
1389 654 1421 680 et
1439 659 1527 691 quae
1549 647 1679 680 interea
1703 647 1807 680 suerit
1824 645 1979 680 Ecclesia
1996 645 2071 680 Dei.
2125 646 2227 680 Ami-

1248 705 1366 731 serunt
1405 698 1499 729 enim
1542 704 1660 739 gentes
1691 697 1887 730 doctrinam
1920 699 1962 730 de
1995 697 2226 740 promissione.

1246 748 1467 787 mediatoris,
1503 754 1535 780 et
1568 747 1734 789 paulatim
1767 748 1820 780 lex
1851 750 1942 792 apud
1967 745 2138 780 Ethnicos
2162 748 2226 780 ob-

1247 806 1380 831 scurata
1399 805 1468 837 est,
1495 804 1527 829 et
1551 798 1666 839 magni
1685 798 1820 830 sutores
1835 798 1871 830 in
1891 798 2125 842 excogitandis
2149 797 2226 830 ido-

1248 849 1289 881 lis
1306 856 1338 882 et
1357 848 1564 881 libidinibus
1581 848 1708 892 recepti
1725 855 1816 881 sunt.

1428 941 1492 974 De
1524 943 1667 975 initio
1703 939 1834 974 urbis
1868 943 2045 975 Romae.

1351 997 1456 1030 Anno
1490 999 1612 1029 mundi
1648 999 1757 1032 3212.
1789 1010 1883 1032 anno
1918 999 2030 1040 primo
2063 1000 2228 1042 septimae

1249 1046 1490 1091 Olympiadis,
1517 1047 1572 1078 die
1596 1048 1654 1080 21.
1679 1046 1830 1090 Aprilis,
1858 1049 2019 1081 videlicet
2046 1062 2115 1092 quo
2134 1049 2227 1081 Pali-

1250 1097 1295 1128 lia
1311 1097 1595 1133 celebrabantur,
1621 1097 1745 1128 urbem
1762 1096 1911 1129 Romam
1937 1100 2086 1130 condere
2105 1110 2228 1140 coepe-

1250 1152 1334 1178 runt
1355 1145 1532 1179 Romulus
1562 1152 1594 1177 et
1617 1145 1772 1184 Remus,
1806 1146 1878 1177 nati
1909 1157 1948 1177 ex
1971 1145 2070 1179 Rhea
2096 1147 2228 1190 Sylvia,

1249 1196 1444 1229 Numitoris
1469 1195 1559 1237 regis
1576 1193 1707 1227 Albani
1725 1195 1806 1227 filia.
1860 1194 2069 1228 Plutarchus
2087 1197 2229 1229 initium

1251 1247 1398 1279 collocat
1433 1246 1470 1277 in
1504 1257 1636 1277 annum
1671 1245 1812 1278 tertium
1848 1252 1961 1278 sextae
1994 1243 2229 1291 Olympiadis.

1252 1295 1328 1329 Etsi
1359 1302 1473 1329 autem
1501 1296 1622 1338 exigua
1646 1295 1843 1328 differentia
1876 1302 1941 1335 est,
1976 1296 2081 1329 unius
2105 1308 2230 1340 nempe

1251 1347 1354 1387 anni,
1381 1353 1498 1379 tamen
1516 1346 1633 1389 potius
1649 1345 1830 1390 sequimur
1840 1344 2051 1391 Dionysium
2069 1345 2230 1379 Halicar-

1252 1408 1462 1431 nassensem.
1522 1395 1605 1429 Fuit
1629 1403 1742 1429 autem
1768 1407 1882 1428 annus
1906 1396 2041 1439 primus
2065 1397 2229 1440 septimae

1252 1446 1478 1493 Olympiadis
1511 1458 1625 1479 annus
1656 1446 1710 1479 10.
1749 1444 1862 1479 Achas
1897 1446 1986 1488 regis
2022 1446 2127 1486 luda,
2168 1448 2228 1492 qui

1253 1498 1409 1542 proxime
1433 1497 1615 1530 antecessit
1637 1494 1844 1536 Ezechiam,
1880 1503 2031 1541 suntque
2059 1497 2102 1529 ab
2127 1497 2229 1530 initio

1251 1548 1349 1581 urbis
1366 1547 1501 1581 Romae
1517 1548 1559 1579 ad
1576 1553 1695 1579 natum
1713 1544 1891 1580 Christum
1910 1559 1949 1579 ex
1965 1547 2118 1590 virgine,
2145 1548 2229 1580 anni

1252 1597 1460 1642 septingenti
1478 1604 1510 1630 et
1527 1597 1793 1641 quinquaginta.

1353 1647 1453 1690 Quae
1473 1647 1579 1680 fuerit
1594 1647 1704 1679 forma
1728 1646 1862 1689 primae
1887 1646 2152 1689 gubernationis
2176 1659 2231 1680 re-

1252 1696 1345 1739 giae,
1373 1708 1462 1740 quae
1488 1697 1586 1729 urbis
1610 1697 1841 1737 incrementa,
1869 1708 1957 1741 quae
1974 1697 2088 1739 legum
2105 1703 2137 1730 et
2151 1696 2231 1730 Ma-

1252 1747 1459 1789 gistratuum
1484 1746 1696 1778 mutationes
1728 1746 1935 1783 inciderint,
1970 1754 2101 1790 quanta
2126 1748 2231 1781 fuerit

1252 1797 1383 1829 civium
1408 1796 1536 1834 virtus,
1563 1806 1651 1839 quae
1674 1794 1785 1835 bella,
1811 1807 1916 1839 quam
1931 1796 2019 1828 varii
2035 1803 2150 1830 motus
2167 1799 2233 1830 do-

1253 1846 1403 1886 mestici,
1436 1847 1547 1878 donec
1569 1857 1607 1878 ea
1630 1845 1714 1879 urbs
1735 1845 1976 1878 monarchiam
1997 1847 2095 1879 orbis
2120 1854 2231 1880 terra-

1252 1909 1329 1930 rum
1344 1897 1468 1940 adepta
1484 1903 1555 1936 est,
1581 1894 1633 1928 Ac
1659 1896 1787 1928 deinde
1804 1897 1980 1941 quomodo
2000 1897 2102 1937 luxu,
2128 1898 2231 1931 bellis

1252 1947 1431 1988 civilibus,
1458 1953 1489 1979 et
1506 1946 1601 1980 fatali
1618 1946 1714 1979 orbis
1731 1947 1924 1980 mutatione
1941 1959 2062 1980 rursus
2078 1948 2231 1982 amiserit

1253 2005 1285 2031 et
1301 1998 1465 2031 virtutem
1489 2003 1522 2030 et
1544 1996 1748 2040 imperium,
1775 2008 1814 2029 ex
1831 1997 1974 2039 integris
1999 1995 2154 2032 historiis
2171 2011 2232 2032 co-

1252 2049 1490 2091 gnoscendum
1507 2054 1566 2081 est.
1621 2045 1700 2089 Qua
1718 2048 1755 2080 in
1772 2047 1920 2081 lectione
1935 2049 2230 2082 considerandum

1253 2106 1320 2137 est,
1355 2110 1479 2142 magna
1505 2098 1651 2141 imperia
1676 2098 1847 2132 divinitus
1871 2099 2056 2137 constitui,
2084 2111 2128 2132 ne
2145 2099 2231 2133 fiant

1253 2150 1409 2182 infinitae
1433 2149 1678 2192 dissipationes
1695 2146 1880 2182 hominum
1902 2149 2050 2182 assiduis
2067 2149 2229 2182 vastatio—

1252 2201 1358 2233 nibus
1381 2206 1413 2234 et
1429 2199 1640 2239 latrociniis,
1667 2200 1726 2232 sed
1752 2199 1871 2244 aliquo
1888 2200 1992 2232 modo
2009 2199 2153 2232 societas
2172 2210 2230 2242 ge-

1252 2251 1346 2284 neris
1367 2247 1513 2283 humani
1536 2256 1779 2290 conservetur,
1806 2256 1839 2283 et
1854 2249 2105 2294 aliquantisper
2126 2250 2230 2282 fami-

1252 2302 1319 2335 liae
1342 2301 1379 2334 in
1402 2300 1525 2333 iisdem
1549 2301 1689 2334 sedibus
1712 2306 1897 2339 maneant,
1922 2299 1993 2332 sint
2011 2299 2117 2342 leges,
2144 2312 2229 2333 con-

1254 2352 1365 2395 iugia,
1393 2351 1588 2395 procreatio
1605 2358 1638 2384 et
1655 2351 1814 2384 educatio
1829 2349 1976 2389 sobolis,
2004 2349 2147 2391 iudicia,
2174 2351 2229 2384 di-

1226 2441 1227 2445 *
1253 2402 1418 2446 sciplina‚
1445 2408 1554 2442 artes,
1577 2402 1761 2445 praecipue
1785 2411 1866 2432 vero
1883 2406 1920 2432 ut
1940 2406 1971 2433 et
1987 2398 2142 2434 Ecclesia
2166 2398 2229 2434 ha-

1252 2454 1331 2486 beat
1354 2449 1515 2496 hospitia.
1568 2452 1681 2485 Simul
1704 2457 1816 2483 autem
1835 2448 1929 2483 Deus
1952 2462 2013 2493 per
2036 2451 2180 2495 imperia
2197 2458 2229 2485 et

1226 2545 1227 2550 ¹
1252 2503 1356 2547 punit
1376 2502 1560 2537 latrocinia
1583 2509 1616 2535 et
1641 2501 1707 2533 alia
1730 2500 1876 2541 scelera,
1910 2506 1943 2534 et
1968 2498 2148 2544 prohibet,
2185 2514 2228 2535 ne

1226 2564 1227 2594 g
1253 2553 1375 2588 iniusti
1393 2564 1488 2596 reges
1504 2559 1536 2585 et
1552 2557 1668 2595 gentes
1685 2550 1788 2583 latius
1803 2558 2012 2594 grassentur.

1226 2597 1228 2628 l
1354 2602 1546 2637 Constituit
1573 2607 1689 2634 autem
1710 2600 1804 2635 Deus
1833 2601 1979 2646 imperia
2008 2601 2226 2635 mirabiliter.

1225 2633 1228 2671 l
1253 2653 1331 2690 Etsi
1355 2654 1449 2688 enim
1479 2658 1589 2686 armat
1614 2651 1743 2686 virtute
1773 2652 1910 2697 aliquos
1939 2652 2092 2696 insignes
2114 2652 2227 2691 duces,
