2324 2955
172 115 261 149 1091

406 108 612 147 SCRIPTA
639 106 714 142 PII.
742 102 859 139 MEL.
887 102 952 137 AD
980 101 1105 138 HIST.
1131 98 1274 136 PROF.
1300 97 1366 134 ET
1392 96 1585 133 PHILOS.
1609 97 1928 135 SPECTANTIA.

2076 101 2172 136 1092

222 204 328 234 Anno
348 197 469 232 mundi
494 201 615 239 quater
633 191 817 225 millesimo
841 187 1147 234 septingentesimo
1198 192 1232 219 et
1249 183 1349 217 ltalia
1376 183 1577 217 defensione
1594 183 1765 226 indigeret
1788 191 1908 218 contra
1924 184 2176 229 Longobardos

371 244 636 292 quadragesimo
653 249 790 287 quarto-

223 302 327 335 Anno
345 297 480 332 Romae
501 294 688 327 millesimo
708 290 987 338 quingentesimo
1014 288 1148 322 tricesi-

375 360 431 380 mo
454 346 590 391 quinto.

222 403 329 434 Anno
357 396 486 432 Christi
509 393 815 439 septingentesimo
839 390 1073 434 octuagesimo
1097 400 1150 422 se-

381 448 507 481 cundo.

575 522 753 553 Irene.

279 596 384 632 Irene
412 608 490 630 cum
513 595 585 627 filio
607 592 868 627 adulescentulo
897 590 1001 623 simul
1032 595 1153 633 regnat

175 662 285 684 annos
315 651 443 682 decem.
496 645 618 678 Postea
641 643 850 676 domesticae
874 642 1069 674 discordiae
1093 653 1153 674 va—

175 704 243 735 rias
262 699 484 734 confusiones
502 701 722 740 pepererunt.
776 693 843 726 Sed
861 690 943 725 haec
960 692 1071 736 prima
1089 703 1154 734 gu·-

175 751 333 785 bernatio
368 748 486 782 Irenes
524 746 591 779 fuit
621 743 859 788 tranquillior.
912 741 1019 776 Anno
1048 742 1155 784 igitur

176 802 322 845 septimo
347 799 510 844 Synodus
540 792 772 838 otxoussmm)
797 792 922 826 Niceae
947 800 1153 835 congregata

176 860 241 890 est,
279 861 366 895 quae
389 848 593 881 nominatur
616 843 797 891 Septima,
832 844 868 876 in
893 855 960 888 qua
977 844 1153 877 decretum

176 906 305 935 tactum
324 907 374 933 est
391 900 434 932 de
452 897 677 931 restituendis
693 895 914 938 imaginibus.
957 893 1028 927 Nec
1045 906 1081 927 ea
1102 905 1154 927 res

175 955 250 985 sine
273 962 400 993 magno
424 948 578 983 tumultu
603 953 676 979 acta
700 953 758 979 est.
818 944 904 978 Cum
930 943 1097 988 Episcopi
1122 951 1155 977 et

176 1003 346 1036 Doctores
369 1000 406 1032 in
433 998 563 1042 templo
585 996 745 1042 Byzantii
776 996 1012 1028 consedissent
1034 996 1075 1027 ad
1101 996 1154 1027 di-

178 1054 303 1086 cendas
332 1050 538 1088 sententias,
576 1059 701 1090 magua
736 1046 923 1079 multitudo
956 1046 1155 1087 irrumpens

178 1101 361 1146 dissipavit
384 1112 442 1133 eos
460 1099 583 1138 armis,
611 1098 691 1141 quia
711 1097 852 1129 nolebat
867 1103 994 1128 statuas
1020 1103 1051 1128 et
1069 1096 1156 1128 ima-

179 1156 275 1194 gines
294 1151 445 1190 restitui,
472 1161 515 1181 ne
534 1148 631 1191 impii
650 1148 763 1180 cultus
779 1154 811 1179 et
829 1146 1069 1179 invocationes
1087 1153 1157 1180 sta-

180 1214 317 1238 tuarum
336 1208 395 1234 aut
413 1199 596 1233 hominum
615 1198 916 1231 confirmarentur.

280 1251 366 1285 Erat
396 1257 510 1283 autem
536 1246 732 1282 Eunuchus
764 1246 880 1280 Irenes
914 1243 1061 1287 Aelius,
1097 1246 1157 1291 qui

180 1304 365 1348 praecipua
387 1300 533 1334 consilia
557 1299 656 1332 aulae
681 1298 839 1341 regebat,
870 1304 901 1330 et
935 1295 1000 1330 hoc
1025 1298 1157 1340 agebat,

180 1363 219 1388 ut
242 1354 340 1388 Irene
370 1352 517 1385 nuberet
541 1361 602 1382 suo
628 1355 773 1392 cognato
799 1348 950 1393 praesidi
976 1345 1158 1381 Thraciae.

180 1405 296 1438 Suasit
328 1403 450 1446 igitur,
484 1407 522 1434 ut
551 1401 594 1433 ad
620 1400 919 1443 comprimendam
951 1399 1158 1432 seditionem

180 1466 317 1500 praeses
340 1454 399 1486 ille
424 1464 503 1485 cum
528 1462 589 1484 suo
614 1450 767 1483 exercitu
789 1456 1030 1483 accerseretur.
1083 1448 1160 1481 Hoc

180 1513 302 1539 vocato
318 1504 451 1537 civibus
467 1513 562 1535 arma
579 1502 739 1545 adempta
758 1507 856 1540 sunt,
881 1507 913 1534 et
929 1500 1033 1534 multi
1048 1500 1160 1543 impo-

182 1557 238 1589 siti
257 1556 292 1588 in
310 1566 414 1588 naves
430 1553 556 1597 passim
574 1553 610 1584 in
630 1552 762 1584 insulas
784 1551 881 1584 missi
897 1558 988 1584 sunt.
1023 1549 1161 1584 Deinde

182 1607 346 1643 Svnodus
375 1604 543 1638 translata
573 1602 715 1636 Niceam
748 1614 787 1635 ex
812 1602 983 1635 sententia
1008 1600 1161 1635 Romani

181 1646 349 1701 Episcopi
374 1656 551 1688 decretum
574 1652 751 1690 condidit,
779 1659 817 1685 ut
836 1659 967 1685 statuae
985 1659 1018 1685 et
1039 1652 1163 1695 imagi-

183 1720 243 1740 nes
264 1708 537 1740 restituerentur.
592 1703 714 1736 Postea
740 1715 818 1736 cum
843 1703 935 1735 filius
961 1702 1163 1736 Constanti-

183 1770 249 1790 nus
268 1764 369 1790 natus
380 1766 491 1788 annos
509 1753 633 1796 viginti
651 1764 766 1795 regere
784 1753 971 1795 imperium
988 1753 1060 1785 suis
1079 1764 1162 1784 con-

183 1809 271 1840 siliis
290 1807 411 1845 vellet,
437 1811 467 1837 et
486 1805 654 1848 quosdam
672 1803 773 1835 matri
788 1803 943 1835 addictos
958 1810 1163 1843 removeret,

183 1861 257 1901 ipsa
282 1869 360 1890 cum
385 1855 456 1888 suis
480 1853 679 1886 sollicitavit
704 1860 835 1896 partem
858 1847 1092 1893 exercituum,
1125 1860 1165 1886 ut

184 1911 341 1941 iurarent
369 1918 403 1939 se
429 1904 540 1938 filium
565 1916 636 1936 non
661 1904 874 1936 admissuros
897 1914 968 1936 esse
992 1904 1034 1936 ad
1054 1903 1165 1947 impe-

185 1961 295 1998 rium,
323 1958 382 1990 sed
409 1954 609 1989 Armeniaci
635 1954 805 1986 exercitus
828 1966 900 1987 rem
920 1954 1084 1987 iniustam
1104 1955 1166 1986 de-

185 2015 348 2043 testantes
365 2007 436 2040 filio
448 2006 664 2042 iuraverunt,
686 2017 836 2049 quorum
853 2005 1048 2048 exemplum
1066 2005 1166 2037 dein-

186 2071 264 2102 ceps
280 2067 310 2091 et
328 2057 452 2091 caeteri
471 2067 591 2088 omnes
609 2056 714 2088 secuti
732 2061 824 2088 sunt.
867 2054 937 2088 Nec
954 2063 1069 2089 tamen
1088 2055 1167 2087 finis

185 2111 252 2143 suit
285 2109 503 2141 insidiarum.
562 2104 651 2138 Cum
687 2117 797 2138 annos
830 2112 958 2148 septem
993 2113 1167 2149 regnasset

185 2159 456 2197 Constantinus,
498 2162 607 2189 mater
647 2163 747 2189 nacta
790 2156 1027 2195 occasionem,
1072 2157 1166 2201 quod

186 2212 278 2244 filius
301 2220 444 2243 uxorem
472 2207 670 2246 dimiserat,
703 2214 736 2239 et
765 2207 802 2239 in
827 2207 1078 2240 monasterium
1112 2207 1168 2239 in-

189 2262 354 2300 cluserat,
382 2266 414 2292 et
430 2258 533 2291 aliam
552 2258 715 2298 duxerat,
743 2257 851 2291 mittit
867 2263 977 2290 certos
996 2255 1169 2299 homines,

190 2311 249 2355 qui
271 2312 380 2343 filium
398 2315 574 2353 caperent.
626 2307 674 2340 Hi
696 2314 797 2352 capto
821 2308 1020 2341 effoderunt
1037 2309 1168 2349 oculos,

188 2374 257 2405 qua
282 2373 321 2393 ex
345 2373 380 2393 re
405 2367 482 2404 post
511 2370 639 2401 paucos
665 2359 738 2391 dies
767 2359 889 2391 dolore
912 2359 1084 2392 extinctus
1109 2366 1169 2394 est.

190 2411 292 2445 Irene
311 2417 492 2454 postquam
512 2410 603 2442 filius
620 2420 805 2453 oppressus
825 2415 893 2449 est,
920 2409 1080 2452 regnavit
1097 2411 1170 2443 sola

191 2469 326 2495 tantum
358 2467 426 2493 tres
457 2472 577 2493 annos.
642 2459 738 2494 Intra
769 2458 834 2493 hoc
866 2459 1060 2493 triennium
1092 2473 1170 2494 cum

194 2511 319 2545 Graeci
346 2522 418 2543 non
444 2511 556 2542 solum
580 2511 730 2554 despecti
755 2517 867 2544 essent
884 2517 1026 2554 propter
1044 2511 1172 2544 mulie-

193 2565 253 2596 bre
271 2561 455 2605 imperium
467 2586 475 2599 ,
501 2561 558 2591 scd
574 2561 678 2594 etiam
695 2561 798 2594 invisi
815 2568 957 2605 propter
978 2562 1170 2595 multorum

193 2621 391 2657 temporum
418 2610 546 2652 tragica
573 2613 746 2655 exempla,
782 2619 815 2647 et
836 2618 978 2656 propter
998 2620 1171 2646 recentem

195 2663 316 2698 matris
333 2661 573 2695 crudelitatem
597 2671 675 2703 erga
691 2661 819 2703 filium,
841 2669 874 2696 et
896 2663 1004 2706 ipsius
1020 2671 1174 2706 patruos,

1200 242 1232 269 et
1248 234 1447 268 seditiones.
1499 233 1588 267 Nam
1615 241 1648 268 et
1670 233 1806 268 Romae
1821 234 1982 268 Pontifex
2008 248 2068 279 per
2084 237 2175 270 sedi-

1199 286 1331 320 tionem
1357 291 1476 328 captus
1498 291 1531 318 et
1563 285 1763 319 verberatus
1795 285 1879 324 fnit,
1911 286 2095 319 accersitus
2127 294 2176 320 est

1201 331 1362 369 Carolus
1397 342 1539 379 propter
1568 334 1742 367 iusticiam
1774 343 1806 369 et
1835 342 1985 370 caeteras
2022 337 2177 375 virtutes,

1202 384 1402 431 praesertim
1423 397 1501 417 cum
1526 391 1558 418 et
1584 391 1684 418 antea
1712 385 1884 419 iusticiam
1914 393 1947 420 et
1971 387 2178 421 modestiam

1202 436 1319 470 Caroli
1338 434 1495 468 Martelli
1513 442 1545 469 et
1562 434 1682 479 Pipini
1702 435 1801 469 Italia
1822 444 1960 481 experta
1977 444 2074 471 esset.
2127 436 2178 470 lta

1204 499 1281 520 cum
1299 486 1443 518 nomine
1460 486 1677 529 imperatoris
1690 487 1898 529 gubernatio
1917 486 2036 520 Italiae
2053 489 2094 520 ad
2114 486 2179 521 Ca-

1204 538 1318 571 rolum
1344 536 1515 579 Blagnum
1538 536 1701 569 translata
1729 544 1788 570 est.
1850 537 2001 582 Fuitque
2036 536 2180 582 pulchra

1205 587 1406 621 coniunctio
1425 586 1563 626 ltaliae,
1592 586 1728 620 Galliae
1747 595 1778 621 et
1798 586 2019 623 Germaniae.
2058 586 2180 621 Omis-

1205 639 1250 671 sis
1268 638 1374 680 igitur
1391 636 1535 670 Graecis
1551 638 1833 682 imperatoribus,
1858 650 2008 682 quorum
2025 638 2182 682 plerique

1204 689 1346 722 fuerunt
1373 688 1533 733 tyranni,
1569 694 1601 721 et
1626 689 1791 732 postremi
1818 690 1959 722 tandem
1982 689 2182 722 domesticis

1206 738 1391 772 discordiis
1416 738 1550 772 Turcas
1581 745 1816 780 attraxerunt,
1849 739 2002 772 breviter
2030 740 2182 772 recitabo

1206 802 1259 823 res
1275 796 1384 833 gestas
1400 795 1601 822 nostrorum
1619 789 1887 832 imperatorum,
1914 802 2063 834 quorum
2084 789 2184 822 initia

1206 841 1294 874 laeta
1320 840 1480 878 fuerunt,
1513 846 1546 872 et
1574 839 1691 872 ltaliae
1715 847 1748 873 et
1771 839 1983 873 Germaniae
2011 840 2184 873 salutaria.

1206 891 1328 924 Postea
1344 890 1526 923 discordiis
1535 889 1744 923 Pontificum
1762 897 1794 924 et
1811 890 2062 934 imperatorum
2078 888 2183 923 huius

1208 941 1346 986 imperii
1365 940 1517 984 potentia
1535 947 1567 974 et
1590 940 1758 974 autoritas
1775 941 1990 984 languefacta
2007 948 2066 975 est.

1321 1042 1671 1075 Ecclesia-stica
1701 1045 1803 1077 eius
1829 1045 2069 1087 temporis.

1310 1115 1564 1159 Imperatorum
1600 1115 1768 1148 Mauricii
1800 1123 1832 1149 et
1863 1114 2001 1149 Phocae
2033 1123 2187 1159 tempore

1208 1167 1274 1200 fuit
1293 1165 1485 1209 Gregorius
1508 1164 1691 1199 Romanus
1713 1164 1928 1211 Episcopus,
1957 1166 2090 1210 primus
2116 1167 2189 1199 eins

1209 1217 1383 1255 nominis,
1418 1217 1479 1261 qui
1504 1223 1543 1249 ut
1566 1216 1621 1249 vir
1645 1216 1849 1258 Romanus,
1882 1217 2025 1261 politica
2047 1217 2190 1260 negocia

1211 1268 1321 1301 multa
1345 1267 1430 1310 egit,
1457 1268 1515 1300 sed
1545 1268 1631 1300 duas
1655 1279 1709 1300 res
1740 1268 1777 1300 in
1800 1266 1955 1301 Ecclesia
1978 1268 2191 1312 perniciosas

1212 1319 1326 1352 auxit:
1365 1317 1626 1351 lnvocationem
1666 1316 1851 1352 hominum
1884 1325 2124 1357 mortuorum,
2160 1325 2192 1350 et

1212 1369 1376 1402 sacrificia
1401 1380 1464 1412 pro
1490 1369 1657 1408 mortuis,
1686 1381 1774 1413 quae
1790 1370 1879 1402 duae
1904 1381 1957 1402 res
1975 1366 2193 1401 horribiliter

1212 1426 1411 1453 nocuerunt
1429 1417 1622 1460 Ecclesiae,
1648 1426 1687 1453 ut
1703 1420 1789 1453 alibi
1806 1420 1943 1464 copiose
1958 1419 2154 1464 exponitur.

1316 1479 1356 1512 ln
1373 1479 1528 1513 Heraclii
1543 1486 1698 1522 tempora
1711 1506 1720 1520 ‚
1747 1486 1904 1523 utsupra
1921 1479 2005 1520 dixi,
2032 1478 2193 1512 incidunt

1213 1531 1315 1564 initia
1349 1528 1545 1562 horrendae
1585 1528 1821 1573 blasphemiae
1856 1528 2127 1568 Mahometicae‚
2162 1536 2193 1561 et

1213 1582 1311 1625 regni
1337 1580 1553 1620 Saracenici,
1580 1582 1672 1625 quod
1698 1592 1754 1614 eas
1771 1578 2004 1625 blasphemias
2020 1579 2193 1623 multipli-

1215 1633 1245 1666 ci
1265 1631 1471 1665 crudelitate
1488 1631 1702 1675 propagavit.

1316 1689 1400 1723 Post
1422 1688 1624 1722 Heraclium
1643 1687 1895 1722 Constantinus
1912 1687 2068 1730 Quintus
2093 1695 2194 1722 natus

1215 1753 1255 1774 ex
1274 1739 1464 1774 Constante
1486 1739 1559 1771 filio
1578 1738 1823 1780 Constantini,
1850 1739 1913 1771 filii
1930 1737 2100 1780 Heraclii,
2129 1739 2195 1784 Sy-

1216 1792 1349 1824 nodum
1364 1789 1501 1823 vocavit
1515 1788 1723 1834 Byzantium
1736 1816 1743 1829 ,
1769 1801 1857 1834 quae
1876 1790 2080 1823 nominatur
2095 1789 2196 1823 Sexta

1217 1841 1380 1887 Synodus
1400 1837 1650 1884 οἷκουμειίκὴ,
1681 1839 1717 1872 in
1743 1851 1810 1885 qua
1834 1840 1989 1873 damnati
2010 1846 2108 1881 sunt,
2135 1841 2194 1884 qui

1218 1891 1477 1926 contendebant
1501 1897 1634 1923 tantum
1658 1890 1797 1923 unicam
1821 1890 1858 1922 in
1875 1887 2015 1923 Christo
2032 1890 2196 1923 volunta-

1217 1950 1286 1976 tem
1313 1953 1401 1975 esse:
1436 1942 1530 1973 unde
1561 1947 1593 1974 et
1614 1938 1864 1986 ,uovoffltvywi
1888 1941 2081 1984 nuncupati
2106 1949 2197 1974 sunt.

1219 1993 1408 2036 Quomodo
1438 1991 1614 2034 pinxerint
1643 2004 1796 2024 errorem
1827 2004 1899 2023 non
1925 1991 2105 2030 scribitur,
2139 1995 2197 2025 sed

1219 2043 1376 2086 contagia
1400 2042 1618 2076 Samosateni
1643 2049 1702 2076 aut
1726 2041 1880 2076 Nestorii
1905 2042 2011 2075 fuisse
2028 2042 2198 2079 existimo,

1220 2096 1262 2128 de
1280 2094 1407 2140 quibus
1422 2104 1526 2136 supra
1544 2093 1676 2126 dictum
1695 2099 1754 2127 est.

1322 2152 1442 2186 Sciant
1465 2158 1578 2184 autem
1603 2151 1752 2185 studiosi
1783 2152 1825 2184 de
1847 2149 1912 2184 hac
1934 2151 2138 2196 quaestione
2162 2153 2197 2183 in

1220 2204 1314 2237 Petri
1329 2202 1556 2245 Langobardi
1580 2202 1841 2236 commentariis
1865 2202 1927 2236 lib.
1945 2202 1978 2235 3.
2002 2202 2199 2235 distinctio-

1221 2267 1265 2287 ne
1281 2255 1412 2287 decima
1430 2253 1575 2297 septima
1592 2253 1783 2294 disputari,
1807 2252 1869 2286 ubi
1887 2252 2118 2286 consideratio
2136 2249 2201 2285 lto-

1221 2317 1298 2338 rum
1317 2311 1468 2349 quatuor
1484 2304 1655 2345 graduum
1674 2303 1710 2335 in
1727 2301 1868 2336 Christo
1884 2303 1980 2336 utilis
2004 2308 2074 2342 est,
2100 2302 2199 2336 vide-

1222 2356 1303 2389 licet
1325 2354 1580 2399 adpetitionum
1609 2354 1677 2387 cibi
1710 2360 1742 2387 et
1767 2361 1888 2398 potus,
1919 2352 2106 2386 affectuum
2137 2354 2196 2398 qui

1224 2413 1305 2439 sunt
1329 2405 1461 2449 proprii
1484 2416 1693 2444 nervorum,
1720 2411 1758 2437 ut
1784 2405 1945 2437 dolorum
1963 2403 2000 2435 in
2019 2403 2199 2436 laceratio-

1223 2470 1267 2490 ne
1296 2456 1469 2500 corporis,
1503 2455 1630 2488 deinde
1659 2455 1855 2488 adfectuum
1879 2453 2027 2486 cordis.·
2057 2452 2199 2487 Tertius

1224 2509 1351 2549 gradus
1386 2514 1435 2540 est
1469 2506 1659 2540 voluntatis
1695 2516 1782 2550 quae
1810 2510 1860 2537 est
1887 2504 2029 2549 propria
2056 2510 2200 2538 naturae

1227 2557 1414 2592 humanae.

1326 2608 1401 2641 Hos
1422 2609 1549 2651 gradus
1573 2608 1608 2639 in
1629 2602 1780 2640 Christo
1804 2617 1875 2638 esse
1900 2604 2083 2638 manifesta
2103 2606 2200 2639 testi-

1226 2660 1344 2694 monia
1382 2659 1588 2698 ostendunt,
1623 2658 1679 2690 sed
1713 2663 1793 2690 sunt
1822 2655 1975 2690 ordinati
1999 2667 2134 2695 omnes,
2170 2662 2203 2689 et
