2324 2955
166 110 240 146 599

168 198 273 232 statui
285 224 293 237 ,
318 205 536 241 nequaquam
555 203 627 224 esse
645 191 772 224 electos
788 191 830 224 ad
847 191 953 225 vitam
972 198 1150 225 aeternam

169 260 244 286 eos,
273 247 332 292 qui
349 256 529 289 nunquam
556 243 643 275 fiunt
667 242 824 275 membra
840 240 1015 275 Ecclesiae
1033 242 1068 275 in
1087 240 1152 276 hac

170 299 238 331 vita
264 296 423 336 mortali,
457 295 552 328 iuxta
574 294 723 326 dictum:
761 292 860 335 Quos
885 293 1008 337 elegit,
1032 291 1097 327 hos
1119 300 1153 327 et

171 348 315 381 vocavIt.

269 395 330 432 54.
359 396 444 430 Vult
460 402 493 429 et
508 395 667 429 exaudiri
683 401 718 429 et
736 394 890 437 conspici
905 391 1098 427 Ecclesiam
1115 393 1153 427 in

168 460 293 490 genere
314 445 481 485 humano,
510 446 604 480 iuxta
625 446 777 479 dictum:
808 443 848 478 In
866 457 1006 478 omnem
1023 452 1152 479 terram

169 499 276 532 exivit
301 510 407 531 sonus
430 510 563 532 eorum.
623 495 671 531 Et
695 503 785 530 recte
810 496 978 529 definitur
997 494 1153 530 Ecclesia

170 550 318 583 visibilis
346 550 380 581 in
407 546 471 581 liae
499 548 638 581 mortali
673 548 754 583 vita.
817 545 972 580 Ecclesia
1005 547 1154 580 visibilis

171 607 221 634 est
239 607 357 634 coetus
371 600 518 632 visibilis
536 597 719 632 hominum
738 598 1025 642 amplectentium
1036 595 1154 631 Evan-

170 652 299 695 gelium
324 651 399 684 sine
424 650 649 694 corruptelis,
676 657 709 683 et
732 656 822 683 recte
839 648 1014 682 utentium
1031 648 1155 683 Sacra-

170 702 316 742 meutis,
344 703 379 734 in
399 714 469 746 qno
487 708 588 734 coetu
605 701 698 733 filius
717 699 782 734 Dei
801 707 851 733 est
867 699 985 733 efficax
1011 711 1073 743 per
1088 699 1155 731 mi-

174 753 357 786 nisterium
375 751 572 794 Evangelii,
590 758 622 785 et
640 751 768 784 multos
790 757 970 794 regenerat
986 751 1028 783 ad
1046 751 1153 783 vitam

171 812 365 837 aeternam:
404 810 556 847 suntque
581 803 617 834 in
647 814 687 835 eo
711 808 810 835 coetu
836 801 939 835 multi
954 813 1028 834 non
1044 801 1154 834 sancti
1180 827 1181 838 ,

172 855 208 887 in
230 852 294 887 hac
315 854 381 887 vita
406 853 568 891 mortali,
591 852 651 898 qui
675 859 793 886 tamen
819 853 862 885 de
886 852 1047 885 doctrina
1076 864 1154 885 cum

171 912 261 939 recte
277 904 512 938 sentientibus
531 904 768 939 consentiunt.

271 963 333 999 55.
372 962 480 1006 Signa
505 975 568 1006 per
587 975 676 1007 quae
699 961 838 1005 agnosci
856 960 1012 994 Ecclesia
1033 968 1156 1005 potest,

170 1022 253 1049 sunt
270 1027 335 1047 vox
353 1012 537 1057 Evangelii
555 1014 758 1057 incorrupta
770 1040 779 1053 ,
806 1012 981 1055 legitimus
999 1024 1081 1045 usus
1091 1012 1156 1045 Sa-

171 1072 442 1105 cramentorum,
460 1064 696 1098 ministerium
714 1065 827 1107 ipsum
846 1071 937 1097 recte
952 1064 1093 1100 docens,
1122 1069 1154 1096 et

171 1116 370 1151 obedientia
389 1115 585 1149 ministerio
602 1115 696 1148 iuxta
713 1113 945 1157 Evangelium
962 1113 1092 1146 dehita.

271 1174 331 1208 56.
369 1174 584 1219 Quanquam
608 1179 724 1207 autem
751 1184 894 1215 magnae
918 1178 999 1205 sunt
1017 1171 1154 1215 generis

172 1225 318 1260 humani
336 1232 368 1258 et
387 1225 592 1269 politiarum
608 1224 843 1263 confusiones,
870 1230 987 1256 tamen
1004 1223 1154 1255 sciamus

170 1284 263 1311 certo
291 1276 403 1309 filium
428 1274 495 1309 Dei
527 1276 620 1309 inter
650 1275 741 1318 ipsas
772 1275 893 1308 ruinas
923 1274 1153 1317 imperiorum

170 1334 457 1362 conservaturum
476 1337 548 1359 esse
564 1324 776 1366 Ecclesiam,
804 1326 916 1358 donec
933 1324 1154 1358 resuscitabit

169 1385 346 1418 mortuos,
386 1384 419 1411 et
446 1377 618 1410 iudicabit
651 1382 764 1409 totum
801 1387 910 1419 genus
944 1372 1181 1414 humanum,⁴

170 1430 263 1463 iuxta
290 1426 375 1461 haec
399 1427 489 1461 dicta
518 1424 646 1461 Matth.
664 1425 743 1461 24:
772 1426 870 1460 Sicut
887 1426 923 1458 in
940 1426 1065 1458 diebus
1080 1425 1154 1458 No-

169 1479 256 1521 hae,
282 1480 327 1512 ita
345 1479 411 1512 erit
427 1480 598 1512 adventus
618 1478 681 1510 filii
707 1475 870 1510 hominis.
925 1476 1026 1511 Unus
1047 1477 1153 1509 adsu—

170 1539 284 1565 metur
303 1537 334 1563 et
351 1541 444 1563 unus
462 1529 694 1574 relinquetur.

269 1587 328 1623 57.
364 1587 460 1621 Idem
487 1588 692 1632 profitemur
710 1593 742 1620 et
762 1587 798 1619 in
816 1586 964 1619 articulo
983 1585 1151 1631 symboli:

169 1640 284 1674 Credo
303 1652 374 1672 esse
393 1638 584 1672 Ecclesiam
603 1644 757 1671 sanctam
774 1636 995 1677 catholicam,
1013 1643 1152 1669 sancto-
1178 1670 1179 1677 ἵ

169 1704 246 1725 rum
263 1691 561 1724 communionem.

271 1749 330 1783 58.
372 1748 447 1781 Hac
472 1761 536 1781 nos
561 1747 799 1780 consolatione
832 1752 1083 1783 sustentemus,
1119 1751 1152 1778 et
1178 1775 1179 1779 ,

171 1800 319 1834 sciamus
342 1800 545 1832 mandatum
562 1797 627 1831 Dei
652 1810 723 1831 esse
748 1797 986 1834 immutabile,
1013 1803 1052 1830 ut
1077 1796 1152 1828 sin—

169 1851 241 1895 guli
260 1863 294 1884 se
309 1852 351 1884 ad
371 1862 487 1883 veram
507 1848 699 1882 Ecclesiam
717 1849 928 1892 adiungam,
956 1847 1049 1880 iuxta
1067 1844 1152 1880 haec

169 1902 278 1935 dicta:
305 1902 425 1936 Unum
443 1900 526 1944 petii
542 1914 559 1933 a
575 1899 742 1940 Domino,
770 1897 835 1932 hoc
854 1898 1007 1943 requirO,
1031 1904 1069 1931 ut
1090 1895 1151 1930 ha-

169 1953 275 1986 bitem
293 1953 328 1986 in
344 1954 448 1985 domo
461 1951 607 1984 Domini
622 1950 787 1984 omnibus
801 1949 925 1983 diebus
939 1949 1029 1982 vitae
1044 1961 1152 1982 meae.

168 2003 269 2038 Item:
296 2002 396 2036 Beati
414 2003 473 2047 qui
494 1999 654 2035 habitant
672 2002 707 2034 in
724 2002 831 2034 domo
849 1999 994 2033 Domini
1012 2006 1073 2032 etc.

266 2061 329 2097 59.
370 2060 417 2095 Et
447 2068 583 2105 oportet
616 2059 809 2095 Ecclesiam
845 2072 963 2093 veram
998 2058 1151 2092 retinere

167 2115 454 2152 fundamentum,
494 2113 529 2144 id
553 2118 622 2152 est,
670 2111 838 2145 articulos
870 2111 971 2148 fidei,
1013 2109 1151 2144 etiamsi

168 2165 226 2197 alii
252 2177 396 2203 aurum,
421 2163 481 2196 alii
498 2163 644 2207 stipulas
668 2174 773 2207 supra
795 2162 1067 2195 fundamentum
1092 2173 1152 2194 ex-

168 2222 308 2255 truunt,
336 2222 373 2248 ut
400 2221 473 2247 erat
497 2214 533 2246 in
553 2213 733 2257 Apostolis
760 2224 901 2258 quoque
917 2212 1102 2245 infirmitas
1118 2218 1151 2245 et

169 2265 288 2308 caligo.
342 2265 409 2299 Sed
429 2264 560 2298 infirmi
584 2265 655 2298 sint
674 2264 816 2298 dociles.

269 2324 326 2359 60.
370 2322 597 2368 Nequaquam
627 2324 757 2368 pendet
779 2321 936 2356 Ecclesia
969 2334 987 2355 a
1015 2334 1151 2356 succes-

169 2376 266 2410 sione
294 2375 470 2407 ordinaria
493 2372 767 2419 Episcoporum‚
795 2380 834 2407 ut
858 2373 1063 2414 nominant,
1090 2375 1149 2407 sed

169 2428 212 2460 de
236 2426 402 2459 omnibus
429 2427 579 2458 tenenda
611 2432 657 2458 est
685 2425 825 2468 regula,
862 2425 922 2469 qui
948 2424 1003 2457 vel
1037 2431 1150 2458 totum

167 2476 413 2519 Evmigelium,
429 2476 483 2508 vel
500 2476 636 2520 aliquos
651 2474 834 2519 Evangelii
850 2475 1015 2509 articulos
1033 2476 1150 2509 delere
1174 2505 1176 2515 ‚

406 2526 444 2560 Si
469 2526 546 2571 quis
560 2527 656 2560 aliud
673 2525 909 2571 Evangelium
925 2528 1039 2568 docet,
1063 2539 1149 2560 ana-
1174 2569 1175 2572 Ἴ

1173 2585 1175 2593 ·
1201 2590 1236 2611 se
1256 2578 1416 2622 patefecit
1431 2586 1463 2612 et
1479 2577 1624 2612 tradidit
1640 2588 1737 2610 suam
1765 2576 1983 2618 doctrinam,
2011 2578 2122 2621 legem
2149 2584 2183 2611 et

168 2535 352 2562 conantur.

166 2577 282 2614 thema
306 2579 360 2613 sit.
1172 2617 1173 2623 ἵ

269 2630 327 2664 61.
356 2627 449 2661 Haec
468 2627 659 2660 consolatio
683 2629 747 2671 piis
767 2629 956 2662 necessaria
974 2636 1032 2661 est.
1069 2626 1146 2663 Etsi
1172 2630 1173 2663 J

169 2681 262 2714 enim
283 2681 440 2713 dolorem
466 2679 577 2712 adfert
602 2679 771 2712 seiunctio
787 2681 831 2713 ab
849 2678 1051 2724 Episcopis,
1077 2687 1109 2714 et
1125 2692 1142 2714 a

933 102 1419 141 DISPUTATIONES

2110 110 2190 145 600

1201 202 1326 234 magna
1362 189 1590 224 multitudine
1620 192 1819 226 retinentur
1848 204 1983 228 errores
2016 202 2048 229 et
2081 195 2186 236 idola,

1204 249 1320 275 tamen
1347 241 1496 274 sciamus
1519 243 1752 277 necessarium
1777 245 1982 278 mandatum
1999 257 2070 279 esse
2081 240 2102 279 :⁸
2115 245 2187 279 Fu-

1204 293 1272 336 gite
1298 292 1406 326 idola.
1459 290 1621 336 Cumque
1638 293 1752 338 Papa,
1780 302 1814 329 et
1839 295 1983 339 plurimi
2009 294 2187 340 Episcopi,

1175 341 1178 347 ¹
1204 343 1430 388 pertinaciter
1447 351 1670 386 propugnent
1689 345 1799 386 idola,
1825 353 1858 380 et
1874 357 2010 379 errores
2028 358 2188 391 pugnan-

1205 401 1254 428 tes
1277 406 1355 426 cum
1373 391 1586 437 Evangelio,
1612 395 1762 428 sciamus
1787 408 1844 429 eos
1869 409 2090 443 nequaquam
2116 409 2189 431 esse

1205 445 1362 477 membra
1374 442 1560 478 Ecclesiae.
1614 444 1750 478 Interea
1768 458 1850 480 vero
1867 455 1983 481 tamen
2003 460 2020 481 a
2037 448 2108 481 filio
2120 448 2190 481 Dei

1205 494 1335 528 servari
1353 493 1545 529 Ecclesiam
1563 502 1595 529 et
1613 496 1847 530 ministerium
1863 496 2067 542 Evangelii,
2094 499 2188 532 iuxta

1206 546 1339 579 dictum
1358 543 1456 590 Eph.
1469 545 1521 580 4.;
1548 546 1622 581 Dat
1639 548 1731 581 dona
1760 545 1964 583 hominibus
1979 548 2138 584 Pastores
2157 558 2189 583 et

1207 597 1386 631 Doctores.

1308 647 1367 681 62.
1401 645 1477 681 Etsi
1504 659 1651 691 regnum
1675 648 1738 681 filii
1755 647 1825 682 Dei
1849 655 2029 683 aeternum
2045 656 2113 691 est,
2137 657 2190 684 ta-

1208 711 1289 732 men
1309 698 1497 731 discrimen
1516 705 1566 732 est
1582 699 1673 732 inter
1694 701 1839 733 modum
1857 700 1955 742 regni
1972 699 2009 732 in
2034 697 2098 734 hac
2120 700 2192 734 vita

1207 757 1240 784 et
1258 757 1418 790 ventura,
1434 750 1476 781 de
1495 746 1561 782 hoc
1577 749 1779 783 discrimine
1798 750 2072 796 inquitPaulus:
2101 750 2191 784 Tra-

1207 802 1265 834 det
1281 812 1426 845 regnum
1437 799 1512 833 Deo
1527 808 1560 834 et
1576 801 1678 844 patri,
1695 801 1794 846 quasi
1811 802 1920 835 dicat:
1948 801 2051 835 Nunc
2069 808 2191 845 regnat

1208 852 1319 892 filius,
1344 851 1443 884 cuius
1468 852 1610 895 propria
1635 852 1747 885 officia
1770 860 1870 893 sunt,
1900 853 2090 896 patefacere
2109 865 2192 897 pro·

1209 903 1432 945 missionem,
1479 914 1690 936 conservare
1721 903 1954 936 ministerium
1985 901 2192 947 Evangelii,

1208 953 1379 986 efficacem
1404 964 1475 985 esse
1503 966 1564 998 per
1593 954 1828 987 ministerium
1855 952 2060 997 Evangelii,
2092 954 2194 988 colli-

1208 1015 1287 1046 gere
1305 1011 1483 1037 aeternam
1499 1002 1704 1045 Ecclesiam,
1723 1005 1899 1038 vivificare
1916 1006 2095 1039 credentes
2109 1016 2194 1038 voce

1207 1053 1414 1096 Evangelii,
1442 1061 1474 1087 et
1498 1056 1581 1087 dare
1604 1055 1653 1087 eis
1671 1055 1844 1099 Spiritum
1869 1062 2048 1097 sanctum,
2075 1062 2191 1100 prote-

1208 1116 1286 1147 gere
1310 1115 1368 1136 eos
1389 1104 1426 1136 in
1449 1101 1513 1137 hac
1537 1105 1626 1143 vita,
1652 1111 1685 1138 et
1710 1105 1931 1139 resuscitatos
1955 1107 2129 1139 adducere
2146 1107 2191 1139 ad

1207 1161 1389 1188 aeternum
1413 1161 1559 1198 patrem.
1612 1154 1734 1188 Postea
1753 1156 1852 1189 Deus
1875 1156 2036 1198 regnabit
2059 1157 2127 1197 ita,
2154 1162 2194 1190 ut

1207 1205 1445 1248 conspiciatur
1463 1217 1535 1238 non
1560 1217 1622 1249 per
1647 1206 1881 1240 ministerium
1900 1205 2104 1250 Evangelii,
2131 1207 2194 1240 sed

1207 1256 1321 1301 qualis
1345 1262 1395 1290 est
1417 1256 1528 1301 ipsius
1550 1257 1708 1290 essentia.
1769 1256 1816 1291 Et
1848 1264 2010 1301 agnoscet
2035 1257 2194 1292 Ecclesia

1207 1319 1242 1340 se
1266 1307 1437 1350 accepisse
1465 1304 1549 1340 haec
1574 1308 1694 1340 omnia
1711 1308 1879 1340 beneficia
1896 1320 1959 1352 per
1972 1308 2104 1350 filium,
2131 1308 2193 1353 qui

1208 1358 1286 1391 ideo
1314 1357 1485 1391 adsumsit
1509 1356 1700 1391 humanam
1718 1365 1898 1396 naturam,
1924 1365 1964 1393 ut
1983 1356 2067 1392 haec
2084 1360 2193 1393 bene-

1206 1409 1282 1442 ficia
1305 1408 1408 1441 nobis
1432 1414 1637 1452 praestaret,
1665 1415 1699 1442 et
1715 1421 1852 1454 semper
1874 1409 1940 1443 erit
1957 1421 2094 1444 summa
2111 1422 2193 1455 per-

1207 1471 1291 1492 sona
1311 1459 1346 1491 in
1364 1470 1490 1502 genere
1507 1456 1675 1492 humano.

1410 1582 1587 1627 (LXVI.)
1628 1586 1986 1629 Propositiones

1204 1635 1250 1669 de
1279 1634 1411 1680 quibus
1438 1635 1646 1679 disputavit
1673 1638 1731 1669 vir
1757 1636 1986 1670 reverendus
2012 1639 2064 1671 M.
2089 1640 2190 1671 Hen-

1204 1689 1306 1720 ricus
1332 1685 1513 1720 Sthenius
1539 1685 1816 1729 Aulindenos,
1856 1692 2011 1721 vocatus
2044 1688 2094 1722 ad
2120 1699 2191 1735 9η-

1205 1737 1454 1772 bernationem
1480 1738 1733 1770 Ecclesiarum
1760 1739 1800 1771 in
1828 1736 1969 1772 ditione
1994 1740 2188 1774 Incesti-iste.

1205 1791 1393 1833 Prae'ncipis
1434 1790 1557 1829 Ενὶοἱ,
1599 1788 1718 1821 Ducis
1754 1790 2054 1825 Brunsvz‘censz‘s.
2116 1792 2190 1826 Die

1371 1841 1608 1873 conversione
1635 1840 1747 1873 Pauli
1783 1851 1882 1874 anno
1913 1840 2025 1876 1554.

1204 1909 1296 1950 Non
1320 1927 1401 1949 casu
1426 1912 1510 1949 haec
1534 1914 1746 1958 pulcerrima
1770 1927 1886 1949 rerum
1911 1923 2036 1950 natura
2060 1930 2099 1950 ex
2118 1916 2188 1952 De-

1204 1966 1342 2000 mocriti
1359 1966 1485 2000 atomis
1505 1966 1694 2007 confluxit,
1719 1967 1777 1999 sed
1804 1966 1877 2011 ipse
1892 1968 1980 2001 ordo
1998 1980 2189 2012 corporum

1205 2017 1349 2058 mundi,
1378 2024 1412 2051 et
1432 2017 1469 2050 in
1495 2017 1673 2050 mentibus
1695 2014 1879 2058 humanis,
1905 2018 2035 2053 noticia
2053 2019 2190 2054 ordinis

1203 2075 1236 2102 et
1258 2068 1448 2102 discrimen
1471 2064 1700 2101 honestorum
1719 2074 1753 2101 et
1777 2069 1952 2113 turpium,
1981 2077 2014 2104 et
2031 2070 2134 2104 dolor
2149 2071 2188 2104 in

1204 2120 1309 2153 corde
1334 2119 1462 2152 vindex
1487 2119 1680 2159 scelerum,
1707 2119 1790 2153 item
1812 2121 2033 2154 conservatio
2055 2121 2187 2165 specie-

1204 2183 1301 2209 rum,
1329 2170 1475 2203 societas
1493 2166 1668 2210 humana,
1696 2170 1858 2214 publicae
1879 2183 2011 2215 poenae
2038 2169 2186 2205 homici—

1204 2223 1329 2255 darum
1352 2228 1386 2255 et
1410 2220 1581 2262 aliorum,
1608 2228 1641 2254 et
1669 2221 1736 2254 alia
1762 2222 1892 2261 multa,
1926 2228 2008 2255 sunt
2034 2222 2186 2256 illustria

1204 2272 1402 2307 testimonia
1427 2273 1470 2305 de
1495 2271 1574 2305 Deo
1601 2279 1634 2306 et
1657 2272 1701 2305 de
1727 2271 1968 2316 providentia,
1995 2284 2083 2317 quae
2108 2274 2185 2308 vult

1204 2324 1304 2358 Deus
1320 2330 1521 2357 reverenter
1539 2323 1666 2367 aspici,
1692 2329 1732 2357 ut
1748 2334 1812 2356 nos
1835 2323 1878 2356 de
1892 2322 1966 2367 ipso
1982 2335 2186 2359 commone—

1202 2374 1347 2415 faciant,
1373 2373 1478 2408 Rom.
1498 2375 1530 2408 l.

1303 2427 1340 2460 2.
1383 2424 1451 2459 Sed
1476 2425 1636 2458 miranda
1661 2423 1816 2458 bonitate
1843 2423 1981 2458 addidit
2005 2422 2100 2465 Deus
2130 2422 2186 2458 his

1202 2476 1393 2510 ordinariis
1409 2476 1576 2520 operibus
1593 2475 1660 2508 alia
1685 2474 1904 2515 testimonia,
1931 2475 2096 2510 videlicet
2116 2476 2184 2509 mi-

1201 2527 1336 2568 racula,
1372 2528 1408 2560 id
1431 2534 1501 2569 est,
1533 2525 1807 2560 extraordinaria
1829 2537 1955 2570 opera,
1987 2527 2021 2560 in
2048 2527 2185 2571 quibus

1200 2627 1453 2672 Evangelium,
1492 2635 1532 2662 ut
1554 2626 1746 2661 Ecclesiam
1778 2634 1955 2662 aeternam
1990 2628 2026 2662 in
2057 2640 2182 2672 genere

1200 2678 1356 2714 humano
1375 2679 1529 2722 colligat:
1556 2678 1631 2712 vult
1647 2679 1740 2712 enim
1761 2676 1891 2713 habere
1907 2686 2083 2714 creaturas
2100 2678 2180 2725 qui—
