2324 2955
168 145 241 184 511

279 229 337 265 14.
373 227 448 261 Hae
472 221 738 267 imaginationes
754 217 1071 261 Scholasticorum,
1097 230 1160 253 nec

177 281 375 325 Scriptura,
406 287 470 309 nec
492 275 702 319 scriptorum
727 271 1038 305 ecclesiasticorum
1061 276 1162 304 auto-

180 334 281 366 ritate
308 329 490 366 nituntur,
525 326 585 358 sed
609 331 691 357 sunt
715 333 832 355 merae
856 318 1102 367 κενοφωνίαι,
1129 327 1162 354 et

180 383 369 414 obscurant
385 385 459 411 tum
474 375 680 409 beneficium
692 371 836 411 Christi,
864 379 939 405 tum
955 372 1063 414 legem
1072 370 1150 404 Dei.

281 436 339 472 15.
367 436 473 476 Nam,
502 442 541 468 ut
555 432 713 467 remissio
730 432 868 475 culpae,
895 431 941 463 ita
957 437 989 463 et
1006 430 1162 463 remissio

176 496 337 524 aeternae
355 498 485 531 poenae
504 492 639 520 tantum
657 490 707 516 est
723 480 858 516 Christi
874 481 1102 522 beneficium,
1128 486 1161 513 et

179 539 322 585 quidem
341 537 542 582 gratuitum.

284 588 342 623 16.
381 587 470 621 Nam
495 585 702 623 vivificatio,
731 594 820 629 quae
842 582 879 615 fit
904 582 942 614 in
962 581 1166 614 remissione

179 641 301 684 culpae
332 645 383 672 est
416 639 489 682 ipsa
513 636 675 669 liberatio
700 646 719 667 a
741 639 854 667 morte
879 639 1037 672 aeterna,
1072 631 1166 664 iuxta

178 692 286 725 illud:
314 688 494 723 Iustificati
512 688 578 720 fide
597 697 714 731 pacem
731 682 912 717 habemus.

285 748 343 782 17.
388 746 524 781 Deinde
553 746 662 787 legem
691 743 881 776 obscurant
907 734 1169 775 satisfactiones,

181 812 261 834 cum
292 799 428 842 fingunt
460 796 624 840 operibus
656 793 822 826 indebitis
850 792 1072 837 redimendas
1098 802 1169 823 esse

181 861 332 895 poenas,
359 848 458 893 quasi
473 847 539 889 legi
559 846 605 879 ita
623 844 890 884 satisfaciamus,
917 844 955 876 ut
974 842 1077 874 etiam
1094 853 1169 874 am-

180 901 276 945 plius
291 900 403 932 facere
422 897 606 942 possimus.

288 952 345 985 18.
386 949 470 982 Post
495 946 736 980 remissionem
762 944 884 987 culpae
907 949 1052 975 manent
1075 953 1170 974 com—

183 1013 308 1035 munes
332 999 568 1037 adflictiones,
595 1008 680 1041 quas
704 995 875 1028 sustinere
899 991 1005 1026 homo
1025 993 1170 1034 cogitur,

185 1054 296 1085 donee
321 1051 358 1082 in
380 1047 446 1082 hac
470 1047 609 1081 mortali
634 1057 737 1079 carne
753 1045 850 1076 vivit.
902 1042 998 1074 Haec
1014 1054 1171 1074 commu-

183 1103 241 1135 nis
264 1100 404 1134 miseria
430 1110 501 1131 non
525 1104 575 1130 est
597 1095 738 1140 proprie
762 1104 873 1137 poena
897 1093 1086 1125 actualium
1111 1092 1172 1123 de-

183 1154 348 1185 lictorum
367 1149 632 1193 praeteritorum
646 1172 655 1186 ‚
682 1145 739 1177 sed
759 1150 807 1176 est
822 1154 932 1186 poena
949 1142 1078 1185 peccati
1099 1141 1171 1172 ori—

185 1203 289 1245 ginis.
343 1200 384 1234 In
408 1198 546 1233 Sanctis
570 1203 685 1230 autem
702 1195 790 1227 fiunt
811 1192 971 1226 exercitia
985 1219 993 1232 ,
1021 1199 1059 1224 ut
1080 1191 1172 1223 Pau-

186 1254 243 1285 lus
275 1252 338 1284 ait:
380 1249 517 1292 Corpus
549 1246 781 1279 mortificatur
810 1249 954 1287 propter
983 1248 1175 1286 peccatum,

187 1303 318 1336 scilicet
337 1310 518 1345 praesens,
543 1298 638 1341 quod
657 1293 776 1328 haeret
792 1294 829 1325 in
846 1300 983 1327 natura.

291 1359 349 1394 19.
391 1357 534 1390 Praeter
561 1360 709 1388 mortem
737 1358 772 1385 et
795 1358 947 1384 caeteras
973 1360 1176 1383 communes

189 1410 412 1445 adflictiones
439 1414 584 1440 naturae
607 1402 800 1440 humanae,
831 1400 927 1435 Deus
949 1401 1052 1434 etiam
1076 1411 1175 1442 saepe

187 1460 427 1507 peculiaribus
450 1456 574 1502 poenis
598 1461 689 1488 certa
708 1458 844 1497 peccata
864 1452 984 1495 punit,
1011 1457 1049 1483 ut
1066 1448 1178 1483 Davi—

191 1513 246 1546 dis
267 1510 478 1544 adulterium
502 1506 665 1550 punitum
690 1510 740 1536 est
764 1502 880 1536 exilio.
942 1501 1030 1534 Item
1054 1499 1176 1543 populi

190 1561 355 1596 idolatria
372 1558 496 1604 punita
513 1562 564 1589 est
578 1553 698 1587 multis
715 1560 748 1587 et
763 1551 898 1594 magnis
918 1550 1087 1584 cladibus.

293 1619 354 1654 20.
379 1614 593 1650 Huiusmodi
611 1623 740 1657 poenas
756 1611 905 1643 dicimus
920 1608 1083 1652 mitigari,
1106 1619 1177 1640 non

193 1670 363 1705 indebitis
388 1667 572 1712 operibus,
599 1664 657 1696 sed
683 1669 755 1694 tota
780 1661 993 1703 poenitentia
1012 1666 1044 1692 et
1064 1658 1179 1701 operi-

193 1723 260 1757 bus
279 1719 424 1757 debitis,
452 1717 557 1761 idque
574 1714 610 1746 in
629 1711 795 1745 Ecclesiis
813 1710 930 1743 doceri
949 1710 1102 1753 prodest.

299 1779 358 1812 21.
393 1776 451 1810 Sic
473 1773 567 1807 enim
589 1778 621 1805 et
637 1767 833 1813 Prophetae
852 1768 995 1801 docent:
1022 1765 1179 1799 Conver-

195 1830 314 1865 timini
335 1828 377 1861 ad
395 1838 468 1865 me,
495 1831 528 1857 et
546 1834 607 1865 ego
625 1826 808 1854 convertar
825 1819 867 1851 ad
886 1830 959 1852 vos.
1012 1815 1059 1850 Et
1075 1814 1180 1849 Chri-

197 1889 270 1915 stus
303 1886 335 1912 et
361 1875 537 1921 Apostoli:
571 1873 609 1906 Si
640 1883 702 1904 nos
732 1869 968 1902 indicaremus
990 1867 1075 1911 ipsi,
1108 1878 1180 1899 non

195 1931 433 1965 iudicaremur
450 1938 467 1958 a
484 1923 651 1958 Domino.

299 1980 362 2013 22.
389 1975 535 2011 Etiamsi
553 1978 689 2017 peccata
704 1977 884 2003 merentur
900 1981 1040 2013 poenas,
1065 1974 1182 2001 tamen

200 2037 351 2077 potestas
373 2026 524 2061 clavium
548 2036 620 2057 non
642 2020 748 2055 habet
765 2021 969 2053 mandatum
988 2026 1044 2052 aut
1062 2019 1183 2051 remit-

197 2082 315 2120 tendi,
342 2086 402 2113 aut
424 2074 603 2119 irrogandi
627 2072 836 2116 temporales
850 2082 990 2114 poenas.
1030 2068 1077 2103 Et
1095 2069 1182 2102 illud

201 2140 293 2167 certe
307 2129 530 2164 salsissimum
546 2132 607 2163 est,
634 2135 706 2156 non
722 2122 853 2155 remitti
872 2128 1027 2154 aeternas
1043 2131 1183 2164 poenas,

201 2183 272 2216 nisi
289 2187 474 2226 propterea
490 2177 571 2221 quia
588 2179 845 2208 commutentur
861 2172 898 2204 in
913 2171 1135 2215 temporales.

304 2232 365 2267 23.
398 2229 556 2267 Deinde,
581 2224 716 2259 etiamsi
740 2229 877 2268 peccata
900 2227 1082 2254 merentur
1103 2232 1186 2264 poe-

204 2295 285 2322 nas,
317 2289 435 2315 tamen
466 2289 540 2312 non
571 2276 713 2321 prodest
741 2280 860 2307 nostra
890 2271 1116 2305 commutatio
1149 2270 1185 2303 in

205 2335 309 2370 aliam
331 2341 499 2376 poenam,
522 2328 580 2360 sed
601 2324 814 2371 poeniteniia
831 2324 990 2368 prodest,
1017 2334 1087 2354 non
1106 2321 1186 2365 quia

207 2385 252 2418 sit
273 2393 386 2427 poena
409 2387 442 2413 et
460 2377 645 2412 satisfactio
663 2387 722 2409 seu
739 2373 974 2418 compensatio
991 2384 1055 2418 pro
1072 2373 1188 2416 priore

207 2434 354 2470 delicto,
378 2431 437 2464 sed
460 2429 543 2474 quia
565 2434 615 2461 est
639 2428 708 2460 iam
726 2425 927 2459 obedientia
944 2425 1022 2458 Deo
1037 2422 1191 2467 placens,

209 2495 299 2531 quae
316 2488 356 2516 ut
373 2481 558 2525 plaeraque
576 2477 644 2511 alia
660 2476 814 2521 praemia
830 2481 1002 2515 meretur,
1024 2473 1072 2507 ita
1088 2473 1191 2507 etiam

210 2540 364 2570 meretur
379 2529 631 2573 mitigationem
649 2527 884 2571 praesentium
901 2524 1149 2559 calamitatum.

314 2590 375 2625 24.
418 2587 580 2630 Infligere
607 2585 742 2629 sibiipsi
764 2597 910 2629 poenam
934 2596 1038 2628 opere
1060 2584 1193 2629 aliquo,

214 2650 253 2678 ut
285 2646 429 2679 vocant,
463 2637 640 2675 indebito,
673 2643 723 2669 est
748 2647 787 2668 ex
811 2648 850 2669 eo
873 2647 998 2679 genere
1021 2635 1193 2674 cultuum,

214 2700 258 2728 de
290 2704 359 2739 quo
387 2687 549 2725 Christus
579 2686 641 2720 ait:
683 2685 826 2720 Frustra
855 2687 976 2721 colunt
1007 2698 1063 2719 me
1094 2697 1193 2719 man-

937 126 1419 168 DISPUTATIONES

2113 127 2189 165 512

1210 217 1300 252 datis
1335 211 1540 257 hominum,
1573 212 1622 251 Et
1652 215 1747 262 quod
1778 212 1910 248 Paulus
1940 220 2041 248 vocat
2067 211 2192 249 ἐθελο-

1210 264 1425 315 θρησκείαν.
1594 310 1597 313 ¹

1312 316 1373 351 25.
1413 314 1588 350 Exercitia
1617 317 1684 350 sibi
1707 317 1888 361 imponere
1911 314 2030 349 Sancti
2055 316 2194 358 debent,

1211 371 1254 403 ad
1272 368 1498 402 coercendam
1515 379 1671 407 carnem,
1699 368 1794 400 iuxta
1808 367 1899 400 illud
1909 365 2025 399 Pauli:
2055 364 2193 409 Castigo

1213 430 1338 463 corpus
1350 430 1466 451 meum
1480 425 1542 453 etc.
1594 415 1642 451 At
1657 417 1731 450 sine
1747 418 1916 461 scriptura
1930 417 2077 456 dicitur,
2099 418 2195 461 quod

1212 469 1390 514 praeteriti
1413 469 1545 512 peccati
1568 479 1717 513 poenaS‚
1743 465 1811 500 hoc
1833 474 1901 508 est,
1927 467 2197 501 satisfactionem

1214 521 1281 554 sibi
1301 519 1458 562 infligere
1474 520 1635 552 debeant.

1316 570 1376 605 26.
1408 568 1479 602 Nec
1501 569 1721 603 adflictiones
1737 567 1946 602 Sanctorum
1966 579 2100 612 semper
2118 575 2199 602 sunt

1217 621 1425 655 iudicandae
1451 631 1522 652 esse
1545 632 1696 664 poenae,
1730 619 1818 652 sicut
1844 625 1876 651 et
1897 617 1994 651 Iliob
2017 625 2199 651 excusatur

1217 672 1338 706 divina
1367 682 1468 710 voce,
1504 671 1598 715 quod
1630 682 1704 703 non
1736 670 1906 713 plectatur
1936 675 2078 712 propter
2108 668 2200 701 mala

1218 724 1305 756 facta
1329 721 1525 766 praeterita.
1576 719 1649 753 Nec
1665 718 1833 754 lobannis
1849 718 2026 763 Baptistae
2049 725 2081 751 et
2104 719 2201 751 simi-

1218 774 1305 806 lium
1330 771 1547 805 adflictiones
1565 771 1707 804 fuerunt
1727 781 1869 814 poenae.
1924 769 2042 811 Quare
2060 781 2134 802 non
2152 776 2202 802 est

1219 822 1465 857 universaliter
1481 821 1709 854 iudicandum
1722 847 1731 861 ,
1758 831 1879 853 omnes
1897 820 2114 853 adflictiones
2131 831 2203 852 esse

1221 884 1349 917 poenas
1373 879 1548 905 certorum
1571 871 1801 910 delictorum,
1828 882 1865 902 ac
1887 881 1960 903 non
1984 871 2116 904 remitti
2142 871 2202 902 de-

1221 925 1318 964 licta,
1345 922 1412 955 nisi
1432 922 1515 956 tales
1534 933 1665 964 poenae
1683 921 1901 963 infligantur.

1323 973 1381 1006 27.
1425 972 1497 1005 lino
1521 972 1743 1004 conscientiis
1770 972 1909 1014 prodest
1931 971 2074 1009 docere,
2109 971 2204 1014 quod

1222 1025 1258 1056 in
1282 1023 1419 1057 Sanctis
1443 1022 1661 1055 adflictiones
1683 1033 1755 1054 non
1779 1027 1859 1054 sunt
1881 1033 2032 1064 poenae,
2059 1022 2117 1054 sed
2143 1019 2206 1054 ha-

1223 1075 1328 1106 beant
1342 1073 1429 1104 alios
1443 1073 1546 1111 fines,
1569 1072 1658 1105 sicut
1675 1079 1708 1105 et
1722 1069 1884 1105 Christus
1900 1072 2016 1116 inquit
2031 1072 2073 1104 de
2087 1084 2204 1104 coeco:

1224 1123 1344 1167 Neque
1364 1122 1436 1165 ipse
1454 1121 1626 1164 peccavit,
1653 1133 1716 1153 nec
1732 1128 1892 1164 parentes
1909 1122 1993 1155 eius,

1324 1172 1384 1205 28.
1421 1171 1492 1204 Lex
1516 1171 1767 1215 interpretatur
1789 1171 2007 1204 adflictiones
2032 1183 2103 1204 esse
2125 1183 2208 1215 poe-

1225 1235 1305 1261 nas,
1333 1222 1392 1254 sed
1408 1219 1639 1263 Evangelium
1667 1221 1878 1264 pronunciat
1903 1233 1958 1253 eas
1983 1233 2055 1254 esse
2078 1221 2208 1254 exerci-

1226 1275 1292 1313 tia,
1319 1273 1356 1304 in
1379 1272 1506 1315 quibus
1530 1271 1726 1304 declaretur
1747 1271 1945 1303 obedientia
1966 1278 2105 1310 nostra,
2134 1284 2210 1304 cre-

1227 1330 1297 1356 scat
1318 1322 1456 1354 novitas
1481 1321 1624 1365 spiritus
1647 1321 1684 1353 in
1703 1321 1925 1354 invocatione
1941 1328 1973 1355 et
1990 1321 2077 1361 fide,
2105 1328 2137 1355 et
2152 1322 2211 1355 fiat

1227 1373 1366 1406 bonitas
1381 1370 1447 1405 Dei
1472 1371 1690 1416 conspectior
1712 1372 1749 1404 in
1773 1371 1975 1404 infirmitate
1999 1379 2136 1410 nostra,
2163 1372 2211 1404 si-

1229 1431 1286 1457 cut
1316 1423 1364 1456 ait
1387 1422 1531 1456 Paulus:
1567 1421 1689 1455 Virtus
1711 1421 1777 1456 Dei
1803 1423 1840 1454 in
1867 1423 2067 1456 infirmitate
2093 1429 2211 1456 nostra

1228 1473 1415 1518 perficitur.

1329 1522 1387 1555 29.
1422 1521 1516 1555 Deus
1532 1522 1632 1555 aliter
1647 1522 1750 1565 punit
1767 1522 1832 1554 alia
1851 1529 2007 1565 peccata,
2035 1523 2211 1555 interdum

1229 1572 1396 1617 exemplis
1424 1572 1594 1616 publicis,
1625 1573 1714 1605 sicut
1741 1571 1854 1605 David
1886 1573 2068 1616 plectitur,
2102 1573 2212 1605 inter-

1230 1625 1314 1656 dum
1351 1629 1488 1656 tantum
1524 1623 1719 1656 terroribus
1750 1623 1868 1667 quales
1899 1624 2145 1657 describuntur
2176 1621 2213 1652 in

1230 1673 1395 1705 Psalmis:
1428 1672 1581 1706 Domine
1612 1685 1655 1706 ne
1685 1674 1722 1705 in
1752 1673 1870 1705 furore
1903 1680 1964 1706 tuo
1994 1685 2118 1716 arguas
2146 1683 2213 1707 nie.

1230 1722 1446 1756 Huiusmodi
1469 1723 1635 1756 contritio
1662 1730 1711 1756 est
1734 1735 1866 1765 poena,
1893 1725 1951 1755 sed
1977 1724 2147 1757 divinitus
2166 1726 2214 1758 ir-

1231 1779 1361 1816 rogata,
1383 1779 1423 1805 ut
1435 1772 1522 1804 aliae
1536 1783 1681 1817 poenae,
1707 1784 1795 1816 quae
1809 1772 1980 1806 divinitus
1995 1773 2214 1817 infliguntur.

1331 1823 1392 1858 30.
1434 1821 1558 1856 Claves
1589 1834 1653 1854 nec
1686 1822 1893 1865 imponunt,
1934 1835 1998 1857 nec
2030 1825 2214 1859 remittunt

1232 1884 1435 1907 communes
1449 1872 1675 1913 calamitateS,
1700 1879 1740 1906 ut
1755 1879 1906 1914 constat,
1930 1885 2038 1918 quare
2051 1887 2123 1908 non
2135 1885 2215 1910 sunt

1233 1924 1496 1958 satisfactiones.

1335 1975 1395 2008 31.
1430 1972 1662 2007 Ecclesiastici
1680 1973 1802 2007 Patres
1819 1980 1954 2007 tantum
1971 1975 2216 2012 intellexerunt

1235 2025 1487 2060 satisfactiones
1513 2025 1556 2057 de
1582 2025 1724 2068 publico
1747 2036 1844 2057 more
1869 2026 2122 2068 poenitentiae,
2155 2032 2214 2073 qui

1235 2083 1320 2110 tune
1344 2083 1417 2110 erat
1438 2076 1475 2108 in
1491 2073 1657 2108 Ecclesia.
1707 2073 1755 2108 Et
1778 2075 1919 2119 quidem
1937 2074 2146 2111 Ambrosius
2170 2081 2216 2113 ait

1235 2127 1317 2160 satis
1341 2138 1430 2165 esse,
1455 2126 1493 2158 in
1516 2126 1585 2159 vita
1603 2126 1709 2158 semel
1726 2126 1821 2158 illam
1839 2126 2013 2169 publicam
2032 2129 2216 2172 poeniten-

1236 2178 1320 2211 tiam
1337 2177 1421 2212 sieri.
1458 2176 1576 2219 Quare
1591 2189 1665 2210 non
1680 2176 1877 2210 sentiebant
1890 2178 2072 2211 canonicas
2087 2190 2216 2222 poenas

1237 2228 1445 2262 necessarias
1462 2239 1533 2260 esse
1551 2228 1594 2260 ad
1613 2227 1853 2260 remissionem
1872 2234 2103 2271 peccatorum.

1338 2279 1397 2313 32.
1429 2276 1484 2312 Ex
1501 2276 1555 2311 his
1571 2278 1731 2312 fontibus
1748 2277 1897 2320 intelligi
1915 2284 2043 2321 potest,
2071 2279 2146 2313 iure
2163 2294 2218 2314 ro-

1238 2326 1410 2374 prehendi
1433 2329 1628 2362 doctrinam
1650 2326 1888 2362 scholasticam
1912 2328 1954 2361 de
1973 2329 2218 2365 satisfactioni-

1239 2382 1316 2414 hus.
1370 2379 1462 2414 Sunt
1484 2380 1578 2414 enim
1602 2379 1758 2424 profecto
1780 2378 1896 2422 laquei
1915 2380 2218 2423 conscientiarum,

1240 2438 1274 2465 et
1294 2430 1396 2464 facile
1418 2431 1551 2466 accedit
1570 2429 1709 2474 opinio,
1737 2429 1830 2473 quod
1847 2428 1918 2463 sint
1935 2441 1990 2464 res
2006 2435 2219 2467 necessariae

1241 2482 1284 2516 ad
1301 2481 1543 2516 remissionem
1561 2480 1692 2524 culpae.

1344 2532 1404 2566 33.
1442 2531 1559 2566 Facile
1586 2536 1636 2563 est
1662 2529 1829 2562 revellere
1858 2531 2002 2565 usitatas
2025 2533 2220 2576 opiniones,

1243 2584 1338 2628 quod
1361 2594 1494 2628 poenae
1515 2588 1674 2615 aeternae
1698 2591 1770 2613 non
1793 2581 2017 2616 remittantur
2033 2583 2108 2617 sine
2125 2597 2220 2618 com-

1243 2634 1448 2678 pensatione
1475 2632 1568 2677 quod
1599 2642 1702 2674 opera
1734 2631 1888 2665 indebita
1911 2633 1998 2666 sacta
2022 2633 2058 2666 in
2083 2643 2219 2679 peccato

1245 2684 1384 2718 mortali
1413 2683 1483 2716 sint
1511 2681 1809 2725 compensationes
1834 2689 1896 2717 etc.
1956 2682 2087 2718 Verum
2111 2685 2221 2730 aliqui
