2324 2955
170 115 243 150 519

280 199 336 233 19.
371 197 556 232 Somnium
576 192 875 228 Scholasticorum
893 193 936 227 de
952 194 1158 230 satisfactio-

179 251 282 284 nibus
300 250 441 293 plenum
458 252 506 278 est
526 245 727 289 impietatis.

275 300 333 332 20.
378 296 618 330 falsissimum
647 302 713 336 est,
748 307 820 328 non
848 294 979 329 remitti
1011 307 1158 340 poenam

179 356 375 388 aeternam,
408 347 475 380 nisi
501 352 644 390 propter
668 346 988 390 compensationem
1019 353 1159 381 nostrae

178 398 368 442 corporalis
390 408 534 441 poenae.

278 449 339 483 21.
381 447 620 481 Falsissimum
646 452 714 487 est,
747 447 840 480 bona
865 458 970 492 opera
1001 447 1090 482 facta
1120 448 1158 481 in

180 505 319 544 peccato
336 498 477 532 mortali
498 497 613 531 valere
630 497 671 530 ad
691 498 987 542 compensandam
1011 510 1160 542 poenam

180 556 369 583 aeternam.
418 548 475 583 Sic
499 555 613 581 autem
634 554 750 591 aperte
773 549 899 582 docent
915 546 1136 582 Scholastici.

281 600 345 633 22.
373 598 420 634 Et
436 607 551 634 tamen
569 610 689 631 verum
706 605 773 640 est,
800 599 893 632 bona
913 610 1018 643 opera
1035 599 1162 632 mereri

181 649 423 683 remissionem
450 661 643 694 poenarum
667 649 923 692 corporalium,
951 649 1041 683 sicut
1058 649 1163 683 Nini·

181 700 272 733 vitae
290 708 511 741 meruerunt,
539 698 605 732 sibi
624 710 772 742 poenam
791 699 935 735 remitti.

283 750 343 786 23.
384 749 533 784 Etiamsi
558 750 594 782 in
613 749 826 793 poenitentia
842 756 892 783 est
909 750 1064 784 vindicta
1082 762 1164 795 pec-

181 801 265 841 cati,
291 807 407 834 tamen
424 802 526 835 stulte
544 806 577 833 et
591 800 697 843 impie
714 800 836 834 dicunt
854 797 1083 842 scholastici,
1110 812 1165 835 sa-

180 850 415 884 tisfactionem
433 864 506 885 esse
528 849 720 883 vindictam
737 850 869 895 peccati
891 862 1008 884 coram
1024 850 1111 886 Deo.

281 901 342 935 24.
369 900 492 936 Claves
506 912 578 935 non
594 897 724 935 habent
736 903 941 935 mandatum
958 901 1165 946 imponendi

180 962 320 995 poenas.

206 1067 387 1115 (XLIX.)
428 1070 534 1103 Alia
565 1069 669 1114 disp
681 1071 857 1103 utatio:
893 1069 938 1103 de
956 1070 1139 1105 Ecclesia.

182 1123 283 1163 (Opp.
294 1123 384 1153 Basti.
402 1121 509 1154 T.llI.
525 1135 557 1163 p.
568 1124 638 1153 333.
650 1147 657 1161 ,
685 1123 737 1152 ubi
753 1120 950 1161 Bugenhagio
965 1123 1165 1162 inscribitur.)

181 1196 281 1238 Psal.
305 1205 368 1238 ait:
405 1203 484 1237 Non
509 1204 673 1248 recipiam
698 1202 886 1236 lIbationes
908 1215 1041 1239 eorum.

183 1355 307 1388 solatio
325 1361 373 1388 est
390 1355 541 1387 tenenda
558 1352 630 1394 his,
658 1353 719 1398 qui
744 1353 926 1397 patiuntur
951 1355 1166 1397 persecutio-

183 1417 263 1438 nem
280 1412 400 1438 contra
420 1404 569 1448 speciem
588 1416 719 1445 eorum,
738 1403 800 1448 qui
815 1403 880 1437 sibi
897 1415 1027 1437 nomen
1043 1402 1165 1439 Eccle-

184 1457 254 1489 siae
269 1462 442 1498 arrogant.

286 1507 320 1541 2.
359 1505 413 1538 lbi
432 1505 538 1548 igitur
553 1503 709 1538 Ecclesia
728 1510 795 1542 est,
822 1504 886 1537 ubi
910 1511 1002 1538 recte
1019 1506 1164 1540 docetur

185 1557 331 1590 verbum
346 1554 422 1595 Dei,
441 1562 474 1588 et
491 1562 580 1588 recte
597 1555 890 1588 administrantur
907 1553 1141 1590 Sacramenta.

288 1606 323 1639 3.
357 1606 580 1640 Sacramenta
599 1617 668 1638 non
688 1605 800 1638 solum
819 1611 900 1638 sunt
917 1605 1015 1648 signa
1032 1607 1164 1649 profes·
1189 1623 1191 1636 1

186 1657 294 1690 sionis
316 1668 430 1690 coram
457 1654 678 1695 hominibus,
712 1656 771 1688 sed
797 1655 908 1688 multo
933 1656 1042 1698 magis
1066 1657 1163 1699 signa

185 1708 376 1741 xoluntatis
395 1706 459 1741 Dei
477 1717 555 1748 erga
571 1717 655 1745 nos,
681 1704 833 1739 Roman.
850 1706 886 1740 4.

289 1758 322 1791 4.
351 1756 444 1800 Ergo
454 1755 676 1790 Sacramenta
696 1754 906 1788 confirmant
923 1755 1165 1797 conscientias,

187 1810 243 1842 sed
263 1809 326 1848 ita,
351 1808 440 1841 sicut
461 1807 606 1840 verbum
634 1805 816 1839 confirmat
835 1805 1064 1839 conscientias
1090 1818 1164 1839 non

190 1871 228 1891 ex
253 1870 355 1902 opere
381 1864 535 1901 operato.

188 1915 404 1942 eramentum
421 1919 492 1941 esse
509 1907 655 1940 verbum
671 1920 691 1939 x
697 1907 821 1940 isibile.

288 1958 322 1993 5.
363 1957 567 1992 Donatistae
594 1964 627 1991 et
649 1955 777 1990 horum
801 1956 965 1990 similes
956 1957 1062 2001 impie
1086 1969 1166 1991 sen-

187 2011 298 2050 tiunt,
326 2009 549 2044 Sacramenta
576 2020 648 2041 non
671 2009 785 2041 valere
808 2014 951 2042 tractata
975 2020 1038 2052 per
1058 2009 1167 2042 mini-

188 2067 277 2094 stros
300 2060 421 2093 malos.

188 2123 250 2155 per
265 2111 443 2144 ministros
458 2110 580 2146 malos
608 2109 653 2142 ita
673 2110 789 2142 valent
804 2116 836 2142 et
853 2108 1088 2143 Sacramenta-

189 2262 430 2295 ministrorum
466 2268 516 2295 est
549 2261 641 2294 inter
672 2261 764 2294 dona
791 2258 966 2294 Ecclesiae
1003 2262 1164 2306 propria,

190 2312 284 2345 iuxta
303 2313 388 2345 illud
406 2309 497 2355 pr.
516 2310 568 2345 4.;
596 2311 701 2345 Dedit
718 2310 876 2345 Pastores
893 2318 926 2344 et
938 2310 1106 2345 Doctores
1121 2314 1163 2346 ad

190 2361 386 2396 aedilicium
404 2363 557 2405 corporis
572 2360 715 2397 Christi.
768 2360 813 2395 Et
831 2362 1071 2395 ordinationes
1087 2361 1163 2396 An-

188 2411 336 2446 ticliristi
355 2425 430 2445 cum
449 2411 599 2446 habeant
616 2413 738 2457 impias
754 2413 990 2453 conditiones,
1016 2414 1163 2447 damna-

188 2470 242 2497 tae
258 2469 338 2496 sunt
355 2463 456 2495 ctiam
474 2463 509 2495 in
520 2462 672 2496 Psalmo:
701 2463 781 2497 Non
797 2463 960 2508 recipiam
977 2464 1162 2499 libationes

188 2525 319 2547 eorum.

926 107 1408 146 DISPUTATIONES

1095 1203 1167 1248 lgi-
1192 1228 1193 1231 =

183 1261 240 1288 tur
254 1253 415 1289 Christus
432 1266 511 1287 vere
528 1254 703 1298 improbat
719 1252 898 1292 sacrificia,
921 1260 953 1287 et
970 1254 1108 1288 cultus·
1099 1267 1166 1287 im-
1190 1263 1193 1280 ³

183 1306 334 1349 piorum,
361 1305 420 1349 qui
439 1311 696 1348 persequuntur
707 1301 899 1343 Christum,
926 1310 957 1336 et
976 1301 1059 1337 haec
1079 1317 1165 1338 con·
1192 1325 1193 1332 κ

596 1855 705 1891 Recte
726 1857 819 1889 enim
845 1856 978 1890 dictum
1003 1863 1072 1897 est,
1099 1856 1165 1891 Sa·
1190 1849 1193 1886 J

2112 110 2189 148 520

1210 193 1298 242 (L.)
1326 194 1433 229 Alia
1450 193 1732 240 disputatio:
1761 193 1808 229 de
1825 194 2106 232 Traditionibus
2121 195 2190 232 hu-

1211 248 1344 281 manis.
1398 246 1502 292 (Opp.
1523 247 1616 279 Basil.
1640 247 1678 278 T.
1694 247 1752 281 111.
1775 261 1805 289 p.
1830 249 1891 280 333
1915 260 1978 291 sq.‚
2012 251 2063 281 ubi
2083 249 2190 281 Ioanni

1528 297 1651 339 Aepino
1668 295 1879 343 adscribitur.)

1210 373 1352 414 Verum
1377 384 1443 418 est,
1470 377 1679 412 traditiones
1701 375 1874 412 humanas
1891 390 1963 413 esse
1983 379 2102 415 irritos
2117 381 2193 413 cul-

1211 438 1277 469 tus,
1304 428 1395 462 sicut
1409 428 1457 463 ait
1467 426 1648 463 Christus:
1677 427 1821 463 Frustra
1837 429 1956 464 colunt
1975 442 2029 464 me
2045 431 2195 464 manda-

1215 481 1258 515 tis
1276 477 1483 521 hominum,
1507 476 1635 513 Matth.
1657 476 1714 513 15.

1313 538 1348 572 2.
1382 535 1516 570 Verum
1538 543 1572 570 et
1595 534 1661 570 hoc
1684 543 1755 578 est,
1780 535 1941 570 Pastores
1961 534 2196 572 Ecclesiamm

1213 600 1287 622 non
1313 584 1444 620 habere
1476 587 1530 620 ius
1558 587 1729 631 gravandi
1758 587 1988 622 conscientias
2019 586 2195 623 Ecclesiae

1216 640 1287 673 suis
1312 638 1580 679 traditionibus,
1606 635 1684 673 Act.
1706 635 1764 672 15.

1319 697 1352 731 3.
1379 695 1426 731 Et
1442 704 1561 731 tamen
1574 695 1779 730 Pastoribus
1799 694 2035 730 Ecclesiarum
2051 697 2199 732 debetur

1215 747 1416 783 obedientia
1430 775 1440 790 ,
1466 747 1535 780 nisi
1559 746 1695 792 aliquid
1719 753 1842 781 contra
1858 745 2093 791 Evangelium
2111 760 2198 782 con-

1215 800 1372 834 stituant.

1318 848 1352 883 4.
1396 846 1612 883 Rechabitae
1636 847 1826 882 laudantur
1849 860 1867 881 a
1891 845 1986 887 Deo,
2014 851 2108 894 quod
2137 862 2199 884 vo—

1217 900 1361 934 luerunt
1379 899 1512 932 violare
1524 899 1751 933 traditionem
1764 900 1806 932 de
1821 911 1894 932 non
1912 901 2083 941 gustando
2101 900 2197 936 vino.

1318 949 1353 984 5.
1382 948 1429 983 Et
1445 961 1489 984 ne
1505 950 1584 994 quis
1602 949 1749 988 dubitet,
1777 947 1843 983 hoc
1860 960 1947 994 opus
1964 949 2199 992 placereDeo‚

1218 1000 1361 1034 additur
1378 1001 1482 1033 etiam
1499 999 1712 1044 amplissima
1730 1000 1932 1042 promissio:
1960 998 2042 1032 'Non
2058 1000 2198 1035 deficie-

1217 1056 1276 1082 tur
1298 1051 1341 1083 de
1366 1050 1473 1093 stirpe
1494 1049 1651 1083 Ionadab
1671 1048 1738 1082 filii
1753 1047 1919 1092 Rechab,
1946 1056 2041 1083 stans
2057 1051 2094 1084 in
2111 1064 2199 1085 con-

1218 1106 1336 1143 spectu
1355 1111 1433 1132 meo
1451 1099 1586 1133 cunctis
1609 1099 1744 1133 diebus.

1319 1149 1352 1184 6.
1388 1148 1550 1194 Iosaphat
1568 1155 1658 1182 recte
1675 1148 1862 1193 imperavit
1877 1149 2060 1190 ieiunium,
2087 1151 2124 1185 2.
2133 1150 2201 1184 Pa-

1218 1200 1280 1233 ral.
1297 1200 1357 1235 20.
1410 1199 1520 1234 Recte
1543 1199 1648 1234 etiam
1671 1211 1729 1232 rex
1745 1198 1875 1234 Ninive
1900 1199 2087 1245 imperavit
2108 1202 2200 1235 ieiu—

1218 1251 1330 1284 nium

1320 1299 1355 1336 7.
1389 1299 1483 1333 Haec
1506 1300 1672 1333 mandata
1698 1299 1849 1344 populus
1865 1299 2049 1334 observare
2067 1302 2201 1339 debuit.

1320 1351 1354 1386 8.
1391 1350 1604 1395 Quanquam
1623 1350 1729 1393 igitur
1746 1348 1809 1383 hae
1830 1351 2036 1385 traditiones
2051 1352 2201 1386 laudan-

1217 1408 1294 1442 tur,
1331 1408 1449 1435 tamen
1472 1401 1589 1435 omitti
1614 1401 1822 1435 traditiones
1843 1399 2101 1447 Episcoporum
2123 1404 2200 1438 sine

1216 1458 1355 1496 peccato
1371 1458 1529 1496 possunt.

1254 1567 1351 1616 (LI.)
1382 1570 1489 1604 Alia
1517 1567 1803 1613 disputatio:
1831 1567 1878 1604 de
1906 1571 2156 1606 Paenitentia.

1215 1647 1388 1686 Patefecit
1404 1664 1438 1685 se
1456 1651 1551 1686 Deus
1567 1652 1611 1685 ab
1627 1651 1741 1693 initio,
1766 1664 1844 1686 cum
1861 1653 2074 1688 condidisset
2090 1665 2200 1697 genus

1216 1701 1433 1742 humanum,
1459 1709 1493 1735 et
1509 1702 1638 1736 tradito
1656 1703 1764 1735 xerbo
1784 1714 1847 1736 suo
1869 1704 2041 1745 ostendit,
2067 1716 2103 1738 se
2118 1705 2197 1739 ideo

1217 1752 1414 1787 condidisse
1434 1763 1542 1795 genus
1559 1748 1773 1792 humanum,
1798 1759 1838 1785 ut
1853 1760 1941 1786 esset
1957 1731 2112 1788 Ecclesia
2121 1753 2197 1789 Deo

1218 1803 1399 1843 obediens,
1426 1809 1457 1835 et
1473 1813 1551 1835 eum
1568 1801 1758 1837 celebrans.
1808 1799 1861 1835 Ac
1876 1803 2005 1836 deinde
2019 1816 2097 1838 cum
2114 1818 2198 1850 pro·

1218 1855 1294 1900 pria
1315 1867 1335 1886 x
1341 1854 1497 1886 oluntate
1511 1852 1617 1896 primi
1629 1859 1791 1895 parentes
1807 1852 1896 1897 lapsi
1912 1861 2043 1893 essent,
2071 1856 2196 1901 depre-

1190 1899 1318 1939 'cante
1334 1904 1430 1938 Filio
1449 1903 1584 1946 ingenti
1601 1903 1864 1945 misericordia,
1890 1916 1934 1938 ne
1951 1905 2114 1939 universa
2132 1919 2197 1940 na-

1217 1963 1296 1990 tura
1313 1953 1466 1988 humana
1483 1955 1622 1995 frustra,
1649 1960 1682 1987 et
1695 1955 1738 1987 ad
1753 1960 1932 1988 aeternum
1950 1955 2092 1989 exitium
2109 1969 2197 1990 con-

1219 2008 1291 2041 dita
1317 2012 1423 2046 esset,
1449 2005 1576 2039 iterum
1601 2016 1635 2038 se
1656 2005 1814 2049 patefecit
1830 2004 1943 2047 Deus,
1970 2012 2002 2040 et
2019 2016 2196 2043 revocant

476 2058 550 2092 lmo
576 2059 664 2092 sicut
687 2059 832 2092 verbum
863 2059 956 2092 valet
979 2065 1164 2093 tractatum
1190 2054 1193 2091 l
1219 2060 1332 2102 lapsos
1357 2058 1399 2089 ad
1422 2055 1694 2100 poenitentiam,
1724 2062 1757 2089 et
1780 2056 1918 2090 addidit
1949 2056 2193 2091 admirandam

1189 2094 1192 2139 l
1218 2107 1508 2154 promissionem,
1540 2118 1608 2152 qua
1631 2105 1755 2150 recipit
1782 2118 1857 2148 eos,
1891 2119 1970 2141 cum
1992 2114 2137 2142 testatur
2160 2120 2196 2142 se

289 2162 321 2195 6.
363 2160 433 2195 L'bi
458 2168 507 2194 est
530 2157 704 2200 Ecclesia,
735 2160 784 2192 ibi
808 2171 945 2193 necesse
968 2167 1018 2194 est
1039 2160 1164 2194 iustam
1190 2165 1191 2199 ζ

191 2211 450 2245 ordinationem
482 2210 727 2244 ministrorum
758 2221 846 2251 esse,
879 2211 961 2255 quia
987 2211 1163 2245 ordinatio
1189 2200 1191 2221 ³

1218 2160 1406 2193 missurum
1440 2168 1579 2199 semen,
1619 2157 1662 2191 ad
1697 2157 1911 2192 abolendum
1944 2164 2122 2202 peccatum
2160 2166 2194 2192 et

1216 2216 1377 2244 mortem.

1316 2262 1350 2295 2.
1390 2257 1480 2293 Cum
1506 2259 1542 2292 in
1568 2258 1692 2303 primis
1715 2258 1920 2303 parentibus
1953 2265 2032 2301 post
2054 2258 2192 2304 lapsum

1217 2312 1313 2345 nulla
1339 2310 1407 2343 nisi
1432 2310 1515 2353 legis
1534 2309 1662 2343 noticia
1685 2316 1790 2352 esset,
1818 2320 1895 2342 cum
1921 2308 2194 2352 obiurgarentur

1216 2375 1233 2396 a
1251 2362 1335 2402 Deo,
1362 2358 1453 2393 nihil
1471 2361 1566 2394 aliud
1585 2360 1739 2394 iudicare
1751 2365 1951 2403 potuerunt,
1980 2372 2084 2405 quam
2104 2371 2138 2394 se
2154 2362 2191 2394 in

1215 2419 1373 2446 aeternas
1392 2423 1521 2455 poenas
1539 2410 1661 2450 abiici,
1681 2417 1720 2443 ut
1734 2409 1913 2443 Diabolos.
1965 2408 2074 2444 Recte
2096 2412 2190 2444 enim

1216 2463 1534 2502 ratiocinabantur,
1570 2461 1605 2494 id
1628 2461 1718 2494 iusto
1750 2459 1882 2493 iudicio
1904 2458 1971 2493 Dei
1993 2463 2191 2503 convenire,

1214 2514 1329 2549 Deum
1350 2514 1438 2547 iuste
1456 2512 1556 2545 irasci
1578 2509 1826 2544 contumaciae.

1315 2563 1348 2599 3.
1374 2563 1442 2597 Hic
1454 2563 1620 2595 immensa
1632 2560 1695 2594 Dei
1710 2561 1850 2595 bonitas
1862 2569 2076 2604 agnoscatur,
2094 2565 2189 2609 quod

1216 2627 1288 2648 non
1311 2626 1430 2659 passus
1454 2619 1503 2647 est
1528 2611 1681 2654 extingui
1700 2618 1860 2645 naturam
1878 2619 2098 2656 pereuntem,
2127 2615 2184 2647 sed

1216 2678 1294 2699 mox
1320 2677 1394 2699 eam
1420 2662 1650 2709 promissione
1682 2673 1742 2696 sua
1771 2662 1895 2704 erexit,
1928 2670 1960 2698 et
1990 2664 2187 2704 vivificavit,
