2324 2955
86 129 161 167 349

88 214 182 248 lesus
205 210 367 246 Christus
389 219 548 257 receptus
571 212 609 245 in
632 212 769 258 coelugn
790 223 872 246 suae
895 209 1071 246 Ecclesiae

87 264 244 308 impertit
261 276 300 296 ac
318 264 510 297 distribuit.

188 314 262 348 Cur
286 314 393 358 igitur
418 313 564 352 Paulus,
593 326 670 347 cum
694 314 799 347 vellet
824 314 913 348 illud
937 313 1070 346 dictum

86 365 217 399 Psalmi
242 364 463 408 interpretari
493 366 536 397 de
565 365 668 397 (lonis
689 365 964 404 distribuendis,
998 374 1070 396 non

86 417 168 450 fecit
191 416 306 459 potius
325 416 541 448 mentionem
567 413 694 448 horum
722 428 801 448 vere
819 416 1020 449 coelestium
1040 420 1073 447 et

85 474 308 501 aeternorum
325 466 500 499 bonorum
512 494 521 507 ,
547 478 636 511 quae
652 467 724 499 sola
742 466 846 508 digna
863 474 944 500 sunt
960 478 979 499 a
995 473 1072 499 tan-

86 524 122 551 to
148 518 294 549 domino
322 523 356 550 et
379 518 509 550 victore
534 517 682 549 donari?
734 516 807 550 Cur
831 518 955 551 maluit
979 517 1072 549 dona

85 579 210 601 vocare
228 565 390 600 homines
407 579 652 610 aerumnosos,
680 579 778 600 suam
802 569 957 612 ipsorum
980 567 1073 599 mul-

85 619 239 663 tiplicem
270 618 510 652 infirmitatem
545 619 786 661 deplorantes,
822 626 854 653 et
881 618 985 652 morti
1009 617 1073 650 ob-

88 669 235 703 noxios?

187 720 299 754 Causa
323 725 373 752 est
395 719 595 760 verissima,
622 721 716 764 quod
743 721 846 754 divus
867 720 998 754 Paulus
1018 731 1073 752 re·

84 771 196 816 spexit
212 771 255 803 ad
271 770 416 803 modum
427 795 436 808 ‚
460 782 531 816 quo
548 771 855 805 communicantur
871 771 974 804 uobis
991 768 1074 803 haec

85 821 246 856 coelestia
269 827 302 853 et
324 827 463 854 aeterna
487 822 597 861 bona,
632 834 721 866 quae
748 835 820 855 non
844 823 947 856 aliter
970 821 1073 854 nobis

84 873 310 912 tribuuntur,
341 872 410 904 nisi
435 884 497 916 per
519 872 755 906 ministerium
784 874 895 909 verbi.
947 872 1075 906 Admi-

84 925 195 957 rando
219 922 314 957 enim
336 923 485 955 consilio
509 930 542 956 et
567 923 760 956 certissimo
785 925 923 957 decreto
943 923 1075 956 consti-

84 974 153 1008 tuit
174 973 288 1013 Deus,
326 986 410 1006 voce
434 971 618 1016 Evangelii
650 974 784 1016 prolata
810 987 872 1018 per
895 974 1006 1008 filium
1035 986 1075 1006 ex

84 1026 164 1059 sinu
185 1024 317 1057 aeterni
341 1024 468 1067 patris,
503 1031 535 1057 et
565 1031 712 1058 sonante
738 1037 801 1069 per
829 1023 1019 1070 Apostolos
1043 1031 1075 1057 et

84 1087 158 1109 non
182 1075 302 1115 aliter,
335 1074 450 1107 salvos
473 1075 585 1108 facere
613 1071 797 1117 homines,
832 1084 865 1109 et
890 1076 1076 1120 participes

84 1127 231 1161 reddere
248 1133 472 1159 aeternorum
491 1125 762 1165 beneficiorum,
791 1139 880 1172 quae
898 1138 959 1159 sua
978 1139 1072 1159 mor-

85 1185 136 1218 te,
165 1176 331 1216 victoria,
358 1177 613 1209 resurrectione
638 1184 670 1210 et
695 1177 787 1210 laeto
814 1176 995 1221 triumpho
1017 1189 1073 1221 pe-

84 1228 193 1272 perit,
220 1233 253 1260 et
279 1226 478 1270 impetravit
501 1227 621 1270 generi
640 1224 796 1261 humano
813 1228 991 1262 Dominus
1010 1241 1075 1260 no-

83 1278 259 1312 sterlesus
269 1274 443 1317 Clu-istus,
463 1277 551 1311 sicut
569 1278 686 1322 inquit
703 1278 775 1320 ipse
787 1278 933 1312 Paulus:
956 1278 1075 1312 Evan—

85 1329 214 1372 gelium
232 1333 282 1359 est
297 1327 454 1370 potentia
473 1326 539 1359 Dei
564 1327 607 1358 ad
628 1327 774 1359 salutem
792 1328 888 1360 omni
908 1329 1075 1362 credenti,

188 1377 271 1411 Ideo
295 1376 426 1409 Paulus
452 1377 544 1409 dona
577 1377 636 1409 illa
660 1375 915 1421 triumphantis
942 1376 1074 1412 Christi

85 1429 261 1473 sapienter
276 1427 420 1469 exponit
439 1427 532 1468 ipsos
550 1425 752 1469 Apostolos,
780 1427 942 1460 Pastores
959 1436 988 1461 et
1002 1427 1075 1460 Do-

83 1486 214 1516 ctores,
250 1476 332 1520 quia
356 1487 418 1519 per
441 1476 522 1508 illos
548 1483 713 1509 sonantes
736 1478 933 1510 doctrinam
959 1490 977 1509 a
1003 1478 1074 1509 filio

82 1529 148 1565 Dei
174 1532 371 1570 acceptam,
405 1526 638 1559 conferuntur
665 1533 698 1560 et
726 1526 991 1561 distribuuntur
1016 1527 1074 1559 illa

83 1579 245 1614 coelestia
262 1577 354 1610 bona
371 1576 554 1617 omnibus,
577 1576 638 1621 qui
656 1577 776 1610 audito
794 1578 901 1611 verbo
918 1579 1076 1618 credunt,

83 1638 117 1665 et
142 1636 240 1676 parta
263 1628 356 1662 bona
379 1639 398 1660 a
422 1627 493 1660 filio
518 1625 585 1661 Dei
608 1633 642 1660 et
667 1628 784 1661 oblata
809 1641 872 1673 per
895 1629 1076 1663 ministros

83 1682 151 1715 fide
171 1680 237 1714 sibi
254 1679 443 1723 applicant.

186 1729 320 1775 Estque
351 1726 417 1762 hoc
441 1729 572 1762 dictum
598 1728 701 1763 Pauli
729 1730 931 1775 oppositum
957 1731 1076 1776 perni-

84 1782 277 1819 ciosissimo
309 1780 419 1813 errori
441 1780 671 1813 Stenckfeldii
705 1788 737 1814 et
764 1782 916 1816 aliorum
948 1780 1074 1815 enthu-

84 1835 291 1873 siastarum,
320 1831 380 1876 qui
412 1831 466 1863 vel
491 1831 638 1864 verbum
670 1832 791 1866 vocale
813 1845 956 1877 prorsus
984 1840 1076 1866 exte-

85 1890 197 1920 nuant
221 1890 252 1916 et
278 1888 530 1922 contemnunt,
563 1883 618 1914 vel
642 1883 770 1917 docent
791 1884 948 1927 neglecto
968 1884 1076 1917 verbo

84 1934 318 1982 expectandos
334 1944 406 1966 esse
423 1940 543 1976 raptus
559 1933 743 1970 violentos.

186 1985 297 2019 Nobis
329 1995 412 2017 vero
445 1990 480 2017 et
504 1984 666 2018 doctrina
691 1986 904 2031 proponitur
930 1993 964 2020 et
992 1998 1077 2019 con-

85 2037 225 2073 solatio.

187 2085 357 2122 Doctrina
382 2092 432 2119 est
457 2097 526 2131 qua
550 2097 753 2128 monemur,
786 2096 825 2122 ut
850 2088 1076 2132 magnifacia-

85 2151 164 2175 mus
181 2145 214 2173 et
229 2148 439 2171 veneremur
461 2136 697 2171 ministerium
714 2137 919 2183 Evangelii,
947 2146 980 2173 et
996 2151 1077 2172 vere

84 2198 279 2225 statuamus
305 2200 367 2231 per
389 2187 498 2228 illud,
528 2194 561 2222 et
583 2200 656 2222 non
680 2190 799 2232 aliter,
831 2191 935 2224 nobis
951 2190 1076 2223 donari

84 2243 154 2276 itta·
170 2239 332 2275 coelestia
356 2238 468 2277 bona,
501 2245 597 2281 parta
624 2241 794 2284 sanguine
816 2248 848 2276 et
873 2248 986 2275 morte
1003 2240 1074 2274 Do-

86 2293 174 2326 mini
207 2290 317 2324 nostri
357 2288 433 2323 lesu
465 2287 620 2331 Christi,
659 2291 753 2326 iuxta
792 2291 894 2326 Pauli
926 2293 1076 2326 dictum:

87 2343 188 2386 Quos
210 2341 331 2385 elegit,
359 2338 422 2374 lios
443 2346 475 2374 et
500 2342 648 2378 vocavit.
698 2341 801 2376 Item:
830 2342 934 2378 Fides
957 2356 996 2377 ex
1014 2356 1078 2377 au-

87 2394 164 2428 ditu
192 2399 254 2427 est.

189 2442 394 2477 Consolatio
421 2443 608 2488 multiplex
644 2444 847 2477 continetur
878 2443 945 2478 hoc
978 2445 1076 2478 brevi

87 2497 182 2530 dicto
199 2493 311 2528 Pauli.
366 2492 526 2527 Primum
552 2496 646 2540 qnod
673 2496 764 2528 filins
780 2494 844 2528 Dei
864 2496 936 2540 ipse
955 2497 998 2529 sit
1017 2509 1077 2529 cu-

88 2554 160 2581 stos
180 2544 375 2583 Ecclesiae,
409 2550 443 2577 et
465 2554 647 2580 conservet
667 2547 920 2587 ministerium,
947 2547 1077 2580 excita-

89 2597 134 2632 tis
158 2596 309 2630 subinde
333 2595 399 2640 piis
419 2606 458 2628 ac
480 2596 693 2630 salutaribus
716 2596 941 2634 Ductoribus.
995 2596 1077 2631 ldeo

88 2648 184 2683 enim
201 2646 357 2681 ascendit
375 2646 412 2678 in
428 2646 557 2687 altum,
583 2648 699 2694 inquit
710 2647 858 2689 Paulus,
886 2648 967 2682 ideo
983 2650 1078 2682 sedet

88 2700 131 2734 ad
154 2699 311 2733 dextram
329 2697 396 2731 Dei
417 2697 542 2741 patris,
572 2698 652 2732 ideo
674 2707 812 2743 regnat,
838 2706 877 2734 ut
895 2701 953 2734 det
969 2700 1078 2733 mini-

592 122 750 162 DECL.
790 123 864 160 DE
898 120 1083 160 DICTO
1112 121 1288 158 PAULI
1317 122 1514 159 EPHES.
1547 123 1609 158 tv.

2036 122 2110 159 350

1124 215 1234 250 stros,
1276 221 1427 255 quorum
1458 223 1542 244 voce
1575 210 1762 254 colligatur
1791 207 1948 244 Ecclesia
1983 219 2110 252 genere

1126 257 1296 296 humano,

1227 329 1368 362 Deinde
1386 330 1532 373 singulis
1551 331 1680 364 vocatis
1699 331 1742 363 ad
1758 342 1888 363 munus
1904 330 2055 363 docendi
2073 329 2110 361 in

1125 378 1283 414 Ecclesia
1303 378 1387 413 haec
1403 381 1525 424 ingens
1541 382 1733 415 consolatio
1751 382 1975 425 proponitur,
2003 380 2110 423 Quod

1126 431 1258 464 Paulus
1278 432 1354 464 vult
1378 444 1435 464 eos
1461 440 1554 466 certo
1579 438 1751 472 statuere,
1778 432 1890 465 filium
1909 431 1974 465 Dei
2000 428 2111 478 λόγον

1127 483 1216 515 velle
1234 482 1405 515 efficacem
1426 495 1498 515 esse
1518 495 1579 526 per
1596 482 1832 515 ministerium
1859 483 2035 526 ipsorum,
2063 482 2112 514 si-

1127 540 1186 567 cut
1202 533 1317 577 inquit
1336 533 1438 566 alibi:
1467 533 1585 566 Labor
1603 539 1715 565 vester
1738 544 1811 564 non
1837 534 1902 566 erit
1932 534 2052 567 irritus
2075 533 2110 564 in

1126 584 1295 618 Domino.

1232 651 1360 685 Sumus
1384 663 1448 684 nos
1475 663 1557 684 sane
1582 650 1803 691 aerumnosi,
1838 661 1958 683 sumus
1983 651 2115 689 miseri,

1128 714 1247 735 sumus
1264 702 1371 746 spreti
1392 703 1427 735 in
1445 703 1579 735 mundo
1599 709 1630 735 et
1649 701 1845 734 conculcati
1862 708 1896 734 et
1914 713 1994 733 vere
2016 700 2115 739 ἕξου-

1127 752 1349 798 θειήιιιένοι,
1383 765 1503 787 sumus
1521 753 1624 786 etiam
1644 752 1776 784 infirmi
1795 759 1829 785 et
1853 752 1975 785 multis
2002 751 2116 784 sordi-

1128 805 1193 837 bus
1210 805 1361 844 soedati‚
1389 817 1426 836 ac
1447 815 1590 848 prorsus
1606 810 1645 837 ut
1664 802 1824 836 Psalmus
1848 803 2023 848 loquitur:
2052 798 2116 846 νή-

1129 867 1201 890 πιοι
1221 852 1283 889 καὶ
1302 853 1539 899 θηλάζοντες.
1576 854 1651 887 lmo
1668 866 1788 887 revera
1810 865 1942 894 sumus,
1967 860 2004 887 ut
2022 852 2116 885 Pau-

1130 907 1184 939 lus
1208 907 1251 939 de
1273 917 1307 938 se
1341 906 1476 950 inquit:
1511 904 1742 950 garomnam.
1796 904 1934 937 Tamen
1965 904 2115 937 sciamus

1129 958 1240 990 filium
1262 955 1328 989 Dei
1349 968 1409 999 per
1427 962 1582 989 nostram
1602 956 1776 988 infirmam
1795 968 1917 988 vocem
1942 955 2115 987 efficacem

1129 1020 1202 1042 esse
1219 1015 1251 1041 et
1268 1019 1329 1051 per
1348 1005 1439 1040 hanc
1457 1007 1598 1040 stultam
1616 1006 1912 1050 praedicationem
1932 1006 2046 1038 salvos
2064 1006 2117 1037 fa—

1130 1071 1206 1092 cere
1223 1059 1403 1091 credentes
1420 1058 1528 1090 verbo
1540 1085 1548 1097 ,
1576 1057 1665 1090 sicut
1684 1057 1818 1102 inquit:
1844 1056 1969 1090 Virtus
1985 1068 2060 1089 mea
2080 1055 2117 1087 in

1131 1110 1335 1143 infirmitate
1355 1108 1546 1153 perficitur.

1232 1175 1284 1209 lta
1308 1174 1375 1208 hoc
1400 1175 1476 1207 loco
1493 1173 1626 1208 Paulus
1650 1175 1787 1219 inquit,
1815 1172 2023 1218 Apostolos,
2052 1171 2119 1204 Pa-

1130 1235 1240 1261 stores
1265 1234 1297 1260 et
1314 1225 1485 1259 Doctores
1510 1237 1581 1258 esse
1608 1226 1667 1258 illa
1691 1227 1804 1265 dona,
1830 1237 1918 1270 quae
1944 1224 2036 1256 filius
2053 1221 2119 1255 Dei

1131 1286 1207 1312 acto
1234 1275 1416 1321 triumpho
1439 1288 1520 1310 suae
1536 1275 1715 1310 Ecclesiae
1739 1276 1947 1315 distribuat,
1970 1272 2035 1307 hoc
2060 1280 2120 1312 est,

1131 1340 1202 1360 esse
1220 1329 1280 1360 illa
1296 1328 1370 1370 ipsa
1389 1338 1536 1368 organa,
1563 1339 1625 1368 per
1640 1338 1729 1371 quae
1758 1327 1816 1358 illa
1843 1325 2002 1358 coelestia
2023 1331 2054 1356 et
2082 1323 2119 1355 in

1132 1378 1378 1412 aeternitatem
1398 1378 1569 1410 duratura
1585 1377 1678 1409 bona
1698 1374 1904 1409 bominibus
1929 1375 2120 1419 impertiat.

1233 1443 1309 1475 Hac
1344 1454 1409 1474 nos
1445 1443 1687 1476 consolatione
1723 1450 1753 1475 et
1793 1443 1828 1474 in
1873 1442 2122 1475 communibus

1131 1493 1329 1531 aerumnis,
1357 1499 1390 1525 et
1406 1493 1443 1524 in
1460 1504 1562 1526 sensu
1582 1492 1796 1526 infirmitatis
1821 1494 1984 1536 propriae
2009 1493 2121 1535 eriga-

1130 1555 1208 1577 mus
1230 1549 1263 1577 et
1279 1549 1525 1578 sustentemus.

1236 1609 1288 1643 Te
1310 1622 1393 1642 vero
1412 1610 1461 1642 fili
1480 1610 1564 1650 Dei,
1589 1606 1673 1657 λόγε
1694 1608 1755 1644 καὶ
1773 1607 1881 1644 εἰκών
1907 1607 2032 1644 ἀϊδίου
2051 1622 2121 1644 πα-

1130 1659 1235 1708 τρὸς,
1271 1662 1439 1694 collector
1461 1668 1492 1694 et
1518 1667 1635 1694 custos
1657 1659 1836 1694 Ecclesiae
1858 1667 1939 1694 tuae
1970 1673 2122 1699 oramus,

1130 1720 1169 1747 ut
1190 1724 1255 1745 nos
1279 1712 1496 1745 miserrimos
1524 1709 1687 1745 homines
1714 1712 1894 1745 verissime
1918 1712 2068 1745 infantes
2089 1719 2122 1745 et

1130 1764 1297 1797 lactentes
1320 1770 1352 1796 et
1379 1770 1520 1796 vocatos
1537 1770 1654 1796 tamen
1670 1764 1712 1796 ad
1732 1760 1798 1796 boc
1824 1763 1966 1795 difficile
1982 1774 2123 1803 munus,

1131 1822 1170 1848 ut
1198 1821 1294 1848 tuam
1321 1826 1441 1847 vocem
1467 1814 1503 1847 in
1527 1813 1686 1848 Ecclesia
1709 1825 1892 1847 sonemus:
1929 1825 2026 1857 regas
2050 1814 2122 1858 ipse

1132 1865 1268 1910 Spiritu
1292 1872 1411 1898 sancto
1426 1871 1507 1906 tuo,
1532 1866 1673 1905 doceaS‚
1701 1865 1904 1903 confirmes,
1932 1872 1965 1898 et
1984 1872 2122 1898 susten-

1132 1923 1181 1950 tes
1199 1917 1235 1949 in
1256 1913 1320 1949 hac
1341 1928 1465 1959 magna
1486 1916 1689 1948 infirmitate
1707 1923 1844 1956 nostra,
1871 1916 1957 1948 etin
1978 1914 2041 1948 hac
2058 1916 2122 1948 tri-

1132 1968 1177 2001 sti
1196 1966 1404 2000 consusione
1422 1973 1617 2009 postremae
1629 1966 1752 1999 aetatis
1776 1966 1922 2005 mundi,
1950 1973 1986 1999 ut
2013 1966 2123 1998 simus

1132 2031 1262 2062 organa
1290 2017 1475 2057 salutaria,
1510 2029 1572 2061 per
1602 2028 1691 2061 quae
1727 2016 1962 2048 sanctificetur
1992 2028 2123 2049 nomen

1133 2077 1253 2109 tuum,
1289 2068 1434 2113 plurimi
1459 2069 1699 2110 perducantur
1721 2067 1763 2098 ad
1793 2066 1994 2099 societatem
2024 2067 2123 2110 regni

1132 2121 1203 2161 tni,
1232 2127 1264 2153 et
1287 2119 1404 2164 aliqua
1432 2118 1496 2152 tibi
1522 2118 1559 2151 in
1584 2129 1710 2162 genere
1736 2115 1893 2150 humano
1913 2125 2010 2160 grata
2028 2118 2124 2157 fiant,

1132 2170 1261 2208 Amen,
1312 2169 1407 2204 Dixi.

1955 2402 2001 2419 an.
2030 2390 2122 2421 1560.

1948 2434 2116 2448 soff&

1327 2534 1402 2574 De
1433 2532 1657 2586 Gregorio
1686 2530 1911 2573 Pontano.

1204 2643 1232 2667 ln
1253 2639 1417 2665 orationum
1438 2638 1471 2665 Ὶ“.
1487 2637 1518 2664 V.
1537 2647 1562 2672 p.
1579 2638 1654 2667 189..
1673 2638 1746 2671 apud
1772 2637 1898 2663 nithard.
1920 2636 1949 2661 Ὶ“,
1969 2637 1997 2661 ll.
2021 2646 2043 2668 p.
2067 2636 2124 2662 02³8,

1235 2680 1260 2699 et
1288 2674 1315 2698 in
1344 2673 1523 2698 Orationibus
1549 2672 1693 2705 posui-niis
1713 2682 1738 2706 p.
1762 2672 1817 2697 19⁴.
1867 2672 1954 2696 Etiam
1981 2670 2123 2703 separatim

1234 2710 1303 2735 edita
1325 2706 1438 2734 wat-b.
1462 2707 1535 2732 1560.
1555 2707 1582 2734 ε.
1602 2706 1649 2734 456
1674 2706 1711 2741 μι.
