2324 2955
124 94 197 129 865
798 92 824 126 1.

879 91 1170 129 CIIRONICON
1196 91 1444 131 CARIONIS.

2015 116 2031 141 γ
2070 103 2141 138 866

127 188 292 220 magnum
318 176 506 210 exercitum
533 176 690 219 collegit,
733 184 771 210 ut
794 179 992 212 restitueret
1015 178 1106 222 poli·
1131 185 1134 224 J
1159 178 1242 211 victi
1264 186 1365 220 sunt,
1393 186 1509 213 tamen
1527 179 1708 216 Romanae
1727 183 1840 218 clades
1858 191 2001 229 propter
2018 187 2138 221 crebra

128 229 213 261 tiam
234 226 432 270 Iudaicam,
468 233 499 260 et
518 237 552 259 se
572 227 771 261 nominavit
787 227 862 261 Ben
881 226 1042 269 Cochab,
1068 228 1105 261 id

128 284 195 318 est,
223 278 334 310 filium
362 278 490 311 stellae.
541 275 665 310 Postea
688 290 765 310 cum
791 279 935 312 infoelix
961 285 1105 312 eventus

127 329 268 368 fuisset,
298 328 500 360 nominatus
515 333 564 359 est
580 325 655 359 Ben
675 326 833 367 Cosban,
862 330 896 362 id
915 336 985 370 est,
1014 329 1105 361 filius

126 380 276 412 mendax
292 378 364 409 sive
382 377 569 412 mendacii.
622 376 782 423 Cumque
794 377 976 413 Bethoron
996 380 1105 413 trien-

125 430 186 462 nio
205 429 342 461 obsessa
367 428 507 468 suisset,
542 428 668 460 domiti
694 436 775 462 sunt
802 430 942 471 ludaei,
977 430 1103 474 partini

124 478 285 524 praeliis,
314 478 440 521 partim
461 479 569 518 fame,
598 479 780 512 trucidatis
800 481 950 525 amplius
968 487 1104 514 trecen-

122 530 166 563 tis
184 529 341 562 millibus
359 529 403 561 ab
422 528 630 572 imperatore
647 529 818 565 Adriano.
874 530 940 563 IIic
958 530 1037 563 finis
1054 536 1104 563 est

122 579 276 613 familiae
292 576 471 619 IIerodis,
504 590 591 623 quae
607 591 718 612 annos
737 588 875 614 centum
897 589 929 615 et
948 587 1016 614 tres
1039 582 1103 613 do-

122 630 254 663 minata
279 636 347 668 est,
387 641 496 673 usque
519 629 562 661 ad
591 630 694 662 finem
720 630 918 676 Agrippae,
953 631 1013 676 qui
1036 631 1102 664 suit
1126 642 1128 678 j

1126 693 1127 700 ¹
1154 682 1266 714 decim
1283 681 1499 726 elephanto&

122 680 214 714 filius
229 679 381 713 Herodis
398 679 574 723 Agrippae
592 680 693 723 regis.

209 766 344 800 Bella
371 767 571 799 Romana
599 769 809 809 tempore
835 768 1016 800 tertiae

450 816 772 851 monarchiae.

223 882 265 917 In
284 883 386 917 tertia
409 880 616 925 monarchia
632 883 787 916 breviter
810 883 953 916 recitavi
970 882 1100 916 Persici

119 934 218 978 regni
249 934 373 972 finem,
414 933 607 966 Alexandri
640 933 822 973 victorias,
862 940 893 965 et
924 940 1001 976 post
1026 934 1099 966 eius

117 991 267 1018 mortem
302 990 452 1029 quatuor
486 983 670 1026 praecipua
706 993 810 1024 regua
851 993 1099 1024 successorum,

117 1036 207 1068 sicut
230 1034 357 1067 Daniel
381 1033 619 1076 praedixerat,
645 1032 876 1077 Aegyptium,
905 1032 1099 1077 Syriacum,

117 1096 264 1128 regnum
281 1084 452 1126 Antigoni
477 1083 513 1115 in
541 1083 677 1114 minore
700 1082 803 1122 Asia,
836 1089 868 1115 et
890 1082 1098 1116 Macedoui-

117 1147 208 1169 cum.
259 1133 421 1167 Diximus
447 1133 569 1172 etiam,
597 1131 745 1164 iudaeae
770 1139 801 1165 et
823 1130 999 1166 Ecclesiae
1024 1146 1097 1167 me-

116 1187 270 1219 diocrem
295 1185 401 1217 fuisse
420 1183 712 1227 tranquillitatem
730 1189 885 1226 tempore
904 1183 1095 1217 Alexandri

115 1243 148 1269 et
164 1236 405 1280 proximorum
422 1244 659 1266 successorum
682 1245 792 1277 usque
815 1234 855 1265 ad
879 1232 1095 1267 Antiochum

116 1286 298 1329 Magnum.
358 1284 495 1318 Interea
522 1283 689 1327 paulatim
717 1284 752 1315 in
772 1282 869 1316 ltalia
894 1285 1001 1317 crevit
1021 1284 1096 1318 Ro-

115 1348 218 1370 mana
238 1334 403 1379 potentia.
456 1333 537 1366 Fuit
557 1340 672 1366 autem
698 1334 845 1365 maxime
868 1336 1096 1368 memorabile

114 1387 266 1426 bellum,
300 1385 393 1429 quod
416 1383 571 1418 Romani
595 1390 751 1427 tempore
769 1380 994 1427 Philadelphi
1020 1396 1095 1427 ges-

115 1443 236 1471 serunt
261 1448 339 1469 cum
365 1446 443 1478 rege
468 1431 605 1479 Pyrrho
633 1440 666 1466 et
694 1433 916 1474 Tarentinis,
960 1443 1094 1469 motum

115 1500 208 1522 auno
233 1499 251 1520 a
276 1486 416 1519 condita
442 1485 528 1518 urbe
549 1484 894 1528 quadringentesimo
914 1492 1094 1528 septuage-

113 1540 202 1572 simo
228 1537 402 1579 secundo,
429 1535 511 1580 quia
531 1534 717 1567 Tarentini
743 1542 776 1567 et
796 1535 937 1566 classem
960 1534 1093 1568 Roma-

115 1600 198 1622 nam
229 1587 449 1630 diripuerant
474 1585 655 1617 interfecto
678 1585 784 1624 duce,
818 1591 852 1617 et
876 1585 1005 1627 legatos
1023 1585 1094 1618 Ta-

112 1646 252 1673 rentum
275 1638 397 1669 missos
412 1636 648 1680 pulsaverant.
700 1633 795 1668 Utile
824 1642 874 1668 est
899 1641 1014 1668 autem
1038 1642 1092 1668 to-

113 1698 182 1723 tam
210 1686 392 1721 historiam
420 1683 547 1729 Pyrrhi
570 1696 687 1724 nosse,
729 1696 817 1728 quae
838 1685 973 1727 legatur
997 1686 1090 1729 apud

113 1736 353 1773 Plutarchum.
407 1735 529 1767 Virtus
551 1735 617 1767 fuit
641 1734 811 1766 excellens
826 1733 966 1779 Pyrrhi.
1020 1735 1088 1768 Sed

113 1801 191 1825 cum
210 1788 319 1821 multa
337 1786 429 1819 bella
450 1785 555 1818 simul
572 1790 746 1821 moveret,
774 1791 806 1817 et
832 1782 994 1818 inchoata
1019 1797 1091 1818 non

138 1845 323 1878 ertexeret,
361 1835 516 1880 potentia
548 1834 656 1878 ipsius
681 1834 850 1877 paulatim
875 1834 1090 1877 languefacta

112 1898 173 1925 est.
225 1889 308 1922 Post
325 1888 456 1920 bellum
474 1884 708 1918 Tarentinum
732 1884 867 1926 insigne
893 1886 1089 1929 exemplum

111 1942 294 1976 Romanae
337 1937 494 1971 iusticiae
534 1941 709 1969 narratur.
786 1933 947 1968 Romana
987 1936 1091 1978 legio,

112 2004 216 2037 qnam
243 1989 429 2022 nominant
449 1986 684 2030 Campanam,
724 1986 891 2029 praesidii
923 1997 1024 2020 causa
1053 1987 1089 2019 in

111 2044 234 2076 urbem
252 2038 428 2082 Rhegium
446 2037 633 2076 collocata,
660 2033 840 2078 Rheginos
865 2036 956 2069 cives
980 2037 1088 2070 inter-

111 2094 191 2127 fecit
203 2120 211 2132 ‚
238 2098 405 2124 eteorum
423 2090 514 2121 bona
530 2094 563 2120 et
581 2098 680 2129 agros
697 2087 889 2129 occupavit.
934 2086 1087 2120 Romani

111 2144 218 2186 igitur
232 2148 269 2175 ut
286 2140 527 2178 ostenderent,
553 2149 588 2170 se
608 2138 707 2169 tidem
724 2137 826 2169 sociis
842 2137 996 2170 debitam
1014 2150 1086 2170 non

110 2195 199 2227 velle
221 2193 369 2231 violare,
396 2189 521 2234 punire
540 2199 620 2221 suos
635 2187 762 2220 milites
778 2188 1027 2228 decreverunt,
1054 2196 1087 2222 et

110 2237 212 2289 potiti
238 2243 324 2277 urbe
344 2239 502 2283 Rhegio,
542 2245 729 2278 trecentos,
766 2238 847 2283 quia
870 2250 943 2271 non
968 2239 1085 2283 plures

111 2295 181 2327 vivi
200 2295 234 2326 iu
251 2292 416 2327 Consulis
439 2296 642 2335 potestatem
660 2295 847 2327 venerant,
875 2290 985 2322 securi
1005 2302 1084 2333 per-

112 2351 306 2379 cusserunt.
359 2341 495 2376 Caeteri
511 2340 650 2374 sceleris
664 2339 749 2373 socii
768 2339 804 2371 in
824 2340 1085 2384 oppugnatione

142 2396 304 2429 erierant.

116 2409 138 2440 p
212 2445 335 2478 Postea
361 2455 452 2475 anno
474 2442 573 2476 urbis
597 2440 940 2486 quadringentesimo
963 2448 1084 2474 octua-

111 2498 240 2541 gesimo
259 2506 353 2527 nono
371 2499 502 2526 motum
517 2499 567 2526 est
583 2492 734 2535 primum
752 2491 883 2523 bellum
899 2490 1085 2533 Punicum,

110 2548 191 2592 quia
219 2543 510 2587 Carthaginenses
541 2542 689 2575 Hieroni
715 2541 953 2586 Syracusano,
990 2543 1083 2575 socio

112 2598 229 2642 populi
243 2596 396 2631 Romani
412 2605 557 2636 regnum
574 2594 708 2637 eripere
727 2593 956 2627 conabantur.
1008 2590 1083 2626 Etsi

110 2655 224 2684 autem
261 2653 293 2681 et
319 2643 609 2688 Carthaginenses
639 2654 739 2689 saepe
773 2643 909 2687 magnis
943 2642 1084 2688 praeliis

1158 229 1339 271 naufragia
1366 231 1515 264 maiores
1544 233 1698 268 suerunt.
1769 233 1821 268 Ac
1848 236 1884 268 in
1914 236 2036 279 primis
2062 236 2137 271 Re-

1157 279 1231 320 guli
1259 281 1398 313 fortuna
1427 288 1460 315 et
1482 282 1566 315 fides
1593 283 1630 316 in
1658 284 1773 327 primo
1800 286 1894 319 bello
1919 286 2054 320 Punico
2080 288 2136 320 in-

1158 329 1265 372 signis
1292 330 1370 365 suit.

1259 378 1365 413 Anno
1398 394 1494 415 nono
1529 383 1602 416 eius
1636 384 1720 416 belli
1750 397 1827 418 cum
1858 387 1929 419 duo
1953 386 2135 427 Consules,

1157 428 1315 463 Manlius
1341 438 1373 465 et
1389 430 1546 474 Regulus
1568 433 1603 466 in
1624 432 1816 477 Aphricam
1842 437 2072 478 traiecissem,
2101 445 2135 472 et

1156 487 1233 523 post
1250 482 1401 515 reditum
1414 481 1543 515 Manlii
1561 485 1602 516 ad
1620 485 1742 517 urbem
1756 484 1914 527 Regulus
1933 487 1968 519 in
1981 486 2135 530 Aphrica

1157 532 1355 572 mansisset,
1381 532 1466 566 vicit
1485 534 1557 566 acie
1573 534 1678 572 duos,
1706 534 1941 568 Asdrubalem
1968 545 2000 570 et
2017 537 2133 571 Amil-

1155 592 1268 614 carem
1296 589 1427 625 patrem
1453 582 1656 616 Annibalis.
1710 584 1917 618 'l‘rucidavit
1940 588 2133 620 octodecim

1154 631 1265 664 millia
1283 631 1501 674 Poenorum,
1528 634 1685 678 quinque
1702 635 1813 668 millia
1832 636 1962 680 coepit,
1988 644 2020 670 et
2036 645 2132 671 octo-

1257 732 1425 777 Sequeuti
1451 745 1543 766 anno
1563 733 1721 777 Regulus
1744 735 1855 770 victus
1875 742 1944 777 est,
1972 744 2004 771 et
2022 738 2131 770 truci-

1153 783 1232 815 data
1259 783 1403 826 triginta
1430 784 1541 817 millia
1565 784 1827 826 Romanorum,
1861 794 1957 831 capta
1980 788 2130 833 quinde-

1153 832 1219 864 cim
1237 833 1347 866 millia
1360 860 1368 873 ,
1396 833 1554 876 Regulus
1571 836 1701 868 catenis
1721 837 1859 869 vinctus
1875 844 1935 873 est.

1253 881 1360 916 Anno
1379 885 1501 927 quinto
1520 892 1596 928 post
1614 883 1705 919 hanc
1722 887 1874 927 cladem,
1908 900 1986 920 cum
2002 887 2130 921 Metel-

1151 932 1204 964 lus
1241 933 1367 975 viginti
1402 934 1512 966 millia
1546 934 1875 978 Carthaginensium
1913 939 2129 979 trucidasset,

1153 980 1359 1025 elephantos
1385 983 1613 1017 interfecisset
1635 997 1691 1017 sex
1717 993 1749 1018 et
1772 987 1934 1028 triginta,
1961 989 2128 1031 coepisset

1151 1040 1290 1066 centum
1309 1034 1537 1078 quadraginta
1557 1046 1632 1075 sex,
1663 1034 1823 1080 Regulus
1844 1038 1967 1069 missus
1987 1045 2036 1070 est
2051 1037 2128 1071 Ro-

1149 1095 1263 1123 mam,
1304 1090 1342 1116 ut
1367 1096 1484 1127 pacem
1508 1091 1567 1117 aut
1591 1086 1885 1128 permutationem
1909 1088 2127 1131 captivorum

1149 1131 1486 1176 Carthaginensibus
1529 1142 1678 1178 peteret,
1725 1137 1887 1169 dissuasit
1928 1144 2127 1182 utrumque.

1148 1183 1219 1216 Nec
1237 1191 1351 1217 tamen
1372 1185 1517 1218 violavit
1536 1187 1651 1218 datam
1670 1186 1770 1219 fidem
1788 1188 1831 1219 de
1848 1188 1963 1221 reditu
1981 1189 2022 1220 ad
2040 1188 2127 1222 Car-

1149 1231 1339 1276 thaginem.
1392 1234 1568 1269 Reversus
1586 1243 1634 1269 est
1652 1236 1758 1278 igitur
1773 1235 2038 1279 Carthaginem,
2064 1239 2126 1271 ubi

1148 1291 1265 1327 postea
1284 1285 1418 1317 crudeli
1437 1286 1609 1330 supplicio
1628 1294 1769 1320 necatus
1788 1294 1847 1320 est.
1900 1287 2022 1321 Postea
2046 1301 2126 1321 rur-

1148 1346 1205 1367 sus
1231 1347 1376 1377 magnae
1401 1337 1513 1368 clades
1541 1337 1708 1380 utrinque
1736 1345 1892 1381 acceptae
1922 1345 2023 1379 sunt,
2065 1340 2125 1372 sed

1148 1397 1244 1417 nono
1259 1396 1353 1418 anno
1376 1393 1454 1429 post
1471 1385 1606 1419 Metelli
1633 1388 1813 1420 victoriam
1830 1388 2010 1422 Luctatius
2028 1388 2124 1422 Con-

1147 1435 1218 1474 sul,
1260 1447 1339 1468 cum
1373 1436 1516 1469 vidisset
1548 1435 1760 1470 Hannonem
1796 1439 1968 1472 adducere
1995 1452 2123 1472 novam

1146 1486 1289 1518 classem
1314 1486 1355 1517 ad
1376 1484 1608 1527 Amilcarem,
1642 1488 1845 1532 priusquam
1865 1490 1934 1522 duo
1954 1491 2123 1523 exercitus

1147 1535 1465 1578 coniungerentur,
1512 1539 1626 1570 statim
1660 1539 1860 1579 dimicavit,
1908 1541 1951 1572 ad
1993 1540 2123 1573 insulas

1146 1583 1307 1628 Aegates,
1335 1587 1446 1630 coepit
1463 1586 1613 1620 Punicas
1628 1600 1732 1620 naves
1751 1589 1925 1631 sexaginta
1949 1597 2032 1629 tres,
2060 1592 2121 1622 de-

1146 1636 1265 1668 mersit
1298 1644 1438 1669 centum
1474 1637 1598 1679 viginti
1635 1639 1807 1682 quinque,
1849 1640 1963 1682 coepit
1997 1641 2120 1681 viginti

1144 1685 1214 1716 duo
1234 1686 1344 1718 millia
1363 1684 1568 1726 hominum,
1596 1688 1785 1721 trucidavit
1806 1690 1972 1722 tredecim
1997 1691 2121 1729 millia,

1145 1742 1260 1778 postea
1278 1737 1478 1779 properavit
1495 1738 1537 1768 ad
1555 1735 1786 1776 Amilcarem,
1814 1746 1846 1772 et
1864 1751 1942 1772 eum
1961 1752 1999 1772 ex
2011 1738 2121 1785 Eryce

1144 1785 1320 1819 discedere
1338 1787 1460 1829 coegit.
1503 1785 1612 1820 Poeni
1631 1788 1690 1832 qui
1708 1789 1845 1822 fuerant
1863 1789 1899 1821 in
1909 1789 2021 1835 Eryce
2036 1802 2120 1823 ven-

1143 1835 1206 1868 diti
1231 1836 1360 1878 singuli
1386 1837 1540 1870 denariis
1561 1838 1766 1872 octodecim.
1826 1838 1949 1873 Postea
1972 1842 2120 1884 petenti-

1143 1886 1207 1918 bus
1231 1884 1568 1929 Carthaginensibus
1594 1889 1672 1920 data
1698 1895 1750 1921 est
1773 1901 1856 1932 pax,
1896 1891 2031 1934 fuitque
2063 1889 2119 1924 hic

1144 1936 1222 1968 finis
1245 1937 1349 1979 primi
1373 1937 1458 1969 belli
1486 1936 1631 1978 Punici,
1675 1950 1768 1970 anno
1800 1939 1964 1973 vicesimo
1993 1948 2117 1984 quarto

1143 1993 1367 2031 posteaquam
1387 1993 1521 2020 motum
1539 1995 1601 2021 est.
1654 1985 1786 2032 Estque
1808 1986 1864 2021 hic
1881 2002 1994 2023 annus
2020 1991 2117 2024 urbis

1141 2037 1301 2071 conditae
1317 2038 1618 2081 quingentesimus
1634 2039 1874 2075 duodecimus,

1242 2086 1294 2120 Ac
1319 2089 1504 2132 praecipue
1528 2088 1678 2131 insignia
1704 2090 1859 2133 exempla
1884 2096 1962 2122 sunt
1992 2090 2026 2122 in
2050 2088 2116 2125 hoc

1141 2138 1253 2178 bello,
1292 2139 1434 2172 fortuna
1458 2146 1490 2173 et
1521 2139 1604 2172 fides
1626 2138 1773 2182 Reguli,
1809 2146 1842 2173 et
1866 2140 2021 2174 celeritas
2043 2140 2115 2174 Lu-

1139 2196 1248 2222 ctatu.

1186 2276 1250 2308 De
1276 2278 1483 2318 tempore
1512 2276 1638 2308 inter
1668 2276 1866 2318 primum
1895 2273 2061 2311 bellum

1332 2327 1553 2359 Punicum
1581 2329 1623 2358 et
1651 2326 1922 2360 secundum.

1240 2390 1334 2424 Inter
1367 2392 1469 2423 linem
1500 2390 1605 2435 primi
1639 2391 1722 2423 belli
1749 2391 1873 2425 Punici
1904 2400 1937 2428 et
1970 2393 2111 2427 initium

1136 2443 1278 2475 secundi
1303 2449 1383 2475 sunt
1408 2441 1492 2474 anni
1518 2441 1675 2486 quinque
1699 2449 1731 2475 et
1758 2442 1893 2485 viginti.
1952 2444 2112 2488 Suntque

1136 2492 1268 2525 interea
1300 2492 1435 2534 maguis
1464 2491 1604 2534 praeliis
1626 2491 1707 2524 victi
1732 2504 1840 2537 prope
1866 2493 2109 2527 Mediolanum

1135 2540 1310 2575 Insubres
1336 2549 1367 2575 et
1384 2539 1492 2582 Boii,
1526 2548 1557 2575 et
1578 2539 1763 2575 Gallorum
1791 2556 1829 2576 ac
1849 2543 2108 2577 Germanorum

1134 2593 1218 2626 novi
1234 2593 1423 2633 exercitus,
1450 2593 1511 2637 qni
1528 2593 1570 2625 ad
1590 2592 1827 2627 defendendos
1848 2593 2010 2628 Insubres
2030 2595 2107 2636 iuga

1134 2643 1279 2688 Alpium
1293 2644 1523 2685 transierant,
1550 2649 1580 2677 et
1597 2643 1795 2678 iuraverant
1816 2656 1851 2678 se
1869 2644 2021 2678 Romam
2045 2645 2106 2677 de-
