2324 2955
108 120 182 155 413

109 209 166 237 cut
175 201 305 236 Paulus
322 201 438 247 inquit
453 200 604 237 Roman.
619 200 670 235 8.:
699 198 892 246 Accepistis
911 201 1084 247 Spiritum

107 252 311 296 adoptionis
328 253 478 286 filiorum
491 279 500 293 ‚
527 264 597 297 quo
615 252 820 286 clamamus:
849 251 951 286 Abba
975 259 1084 297 pater.

107 302 260 347 Spiritus
283 314 425 347 precum
451 303 673 344 nominatur,
702 303 784 348 quia
805 303 922 346 agnita
946 303 1084 337 miseri-

107 353 226 386 cordia
244 354 280 386 in
302 353 496 386 mediatore
513 353 703 397 proposita,
731 354 898 388 exuscitat
917 354 1021 387 corda
1040 354 1083 386 ad

109 403 383 443 invocationem,
426 409 460 436 et
485 403 534 437 sic
561 404 665 437 simul
689 403 881 437 subiiciunt
912 416 946 437 se
979 405 1083 437 corda

106 452 192 488 Deo.

207 501 336 539 XLVI.
373 500 451 537 Etsi
473 501 558 537 haec
581 502 783 537 obedientia
807 503 1007 537 voluntaria
1024 510 1083 544 est,

105 561 222 587 tamen
244 550 310 586 hae
332 553 588 597 propositiones
617 565 717 586 verae
743 561 844 592 sunt,
872 554 971 588 Nova
999 555 1082 587 obe-

104 603 239 637 dientia
259 614 455 647 congruens
467 603 641 646 Decalogo
664 610 714 637 est
736 604 913 643 debitum,
940 604 1028 637 sicut
1049 609 1082 637 et

103 652 236 687 Paulus
264 653 442 699 loquitur,
483 652 609 687 Roma.
639 655 688 688 8.:
730 653 916 688 Debitores
949 665 1080 690 sumus.

104 702 210 737 Item:
236 702 336 737 Nova
359 702 560 737 obedientia
581 715 776 747 congruens
801 717 879 737 cum
903 703 1078 747 Decalogo

104 761 156 788 est
178 753 379 788 necessaria.
432 752 535 787 Item:
564 754 744 799 Quicquid
763 761 893 798 pugnat
910 765 988 787 cum
1005 754 1080 797 lege

101 802 187 844 Dei,
212 810 262 838 est
275 810 453 848 peccatum
464 830 473 845 ‚
500 811 534 838 et
548 804 716 849 quiddam
732 806 935 838 damnatum
960 816 978 837 a
994 802 1080 845 Deo,

102 860 136 887 et
148 864 220 887 non
238 860 288 887 est
303 853 458 895 iusticia,
484 866 547 888 nec
566 855 729 898 congruit
750 867 829 888 cum
846 854 983 898 Spiritu
998 865 1080 887 san-

102 910 169 937 cto.
223 902 405 947 Quaedam
427 910 542 938 autern
567 905 651 938 talia
667 911 766 945 sunt,
792 911 849 943 ut,
877 915 1078 949 quanquam

101 954 238 999 reliqua
254 961 335 988 sunt
350 953 388 987 in
403 954 534 987 renatis
551 953 587 986 in
605 951 670 987 hac
686 955 774 994 vita,
800 960 916 987 tamen
934 960 1080 998 propter

100 1004 330 1038 mediatorem
353 1004 617 1044 condonentur,
644 1003 726 1048 quia
749 1003 859 1038 renati
879 1010 911 1037 et
925 1004 1079 1038 retinent

99 1065 218 1087 veram
243 1054 366 1095 fidem,
401 1060 434 1087 et
458 1060 655 1098 repugnant
679 1054 749 1087 illis
774 1054 943 1097 peccatis,
977 1061 1011 1087 et
1038 1056 1076 1087 in

99 1104 228 1138 talibus
244 1111 362 1138 manet
371 1102 524 1148 Spiritus
541 1110 690 1140 sanctus.
741 1103 823 1137 Alia
839 1116 921 1137 vero
939 1111 1077 1149 peccata

99 1154 308 1188 contristant
322 1161 355 1188 et
371 1154 551 1189 excutiunt
561 1153 733 1198 Spiritum
752 1160 923 1195 sanctum,
941 1161 979 1188 ut
998 1166 1077 1188 cum

99 1202 138 1237 hi
161 1204 224 1249 qui
246 1205 389 1238 fuerunt
412 1205 524 1238 renati
542 1204 708 1238 amittunt
730 1204 1019 1245 fundamentum,
1045 1211 1079 1237 et

99 1261 211 1288 ruunt
240 1261 361 1288 contra
387 1254 648 1289 conscientiam.
708 1253 812 1288 Tales
844 1261 986 1298 propter
1017 1254 1078 1287 illa

98 1310 237 1348 peccata
259 1304 385 1337 iterum
414 1305 504 1337 fiunt
524 1304 575 1336 rei
605 1310 767 1338 aeternae
796 1315 940 1347 poenae.
995 1304 1078 1336 Ideo

98 1353 231 1388 Paulus
247 1364 404 1398 expresse
419 1354 503 1387 dicit
526 1353 559 1387 1.
576 1350 737 1387 Corinth.
754 1353 806 1388 6.:
842 1352 959 1386 Nolite
983 1364 1079 1386 erra-

99 1415 157 1443 re,
183 1410 390 1437 scortatores
405 1410 438 1436 et
455 1404 626 1443 adulteri,
654 1401 870 1443 homicidae,
897 1403 1078 1443 idolatrae,

97 1464 170 1486 non
203 1452 432 1496 possidebunt
461 1463 608 1493 regnunt
631 1450 710 1486 Dei.
763 1451 851 1484 Item
875 1451 1075 1486 Coloss.3.:

96 1501 246 1547 Propter
276 1499 360 1534 haec
389 1501 487 1535 venit
517 1501 570 1533 ira
597 1499 664 1533 Dei
690 1511 794 1544 snper
823 1500 1077 1536 inobedientes·

95 1550 143 1586 Et
159 1549 329 1587 Matthaei
353 1551 410 1586 12.
436 1551 583 1589 dicitur,
610 1548 741 1583 Redire
759 1549 903 1594 spiritus
920 1550 1076 1583 immun-

95 1604 160 1637 dos
174 1603 211 1635 in
228 1603 371 1636 domum
387 1613 544 1641 vacuam,
571 1612 659 1645 quae
673 1600 785 1633 fuerat
802 1606 903 1633 antea
917 1607 1075 1644 purgata.

95 1651 142 1687 Et
168 1655 203 1688 2.
228 1651 323 1686 Petri
344 1652 394 1687 2.:
436 1650 526 1685 Cum
551 1647 609 1691 hi,
650 1650 710 1695 qui
733 1650 931 1692 effugerunt
954 1662 1075 1684 rursus

95 1702 382 1737 contaminantur
398 1701 521 1735 iisdem
537 1701 696 1744 peccatis,
711 1700 800 1734 fiunt
816 1700 864 1734 eis
882 1701 1075 1745 posteriora

94 1760 234 1798 peccata
256 1752 430 1786 deteriora
450 1751 641 1795 prioribus.

192 1801 339 1837 XLVII.
375 1801 459 1835 Ideo
484 1801 667 1835 execrandi
686 1808 767 1835 sunt
789 1801 954 1835 diabolici
977 1802 1075 1835 suro-

94 1865 149 1888 res
175 1852 505 1897 Anabaptistarum,
530 1851 591 1897 qui
615 1851 755 1893 dicunt,
781 1851 819 1884 in
845 1852 975 1886 renatis
1000 1864 1072 1885 non

95 1916 168 1938 esse
194 1904 370 1948 reliquum
395 1909 596 1947 peccatum,
624 1908 657 1935 et
672 1902 720 1935 sic
738 1914 801 1935 nos
818 1914 836 1936 a
853 1903 927 1945 lege
942 1902 1073 1936 libera-

93 1963 147 1989 tos
162 1966 253 1993 esse,
281 1960 318 1988 ut
342 1954 410 1987 iam
435 1951 526 1986 nibil
547 1952 591 1986 sit
610 1953 682 1993 lex,
707 1953 776 1987 sint
795 1964 954 1986 concessa
971 1953 1073 1986 adul-

95 2005 181 2038 teria
213 2011 246 2038 et
278 2001 486 2043 homicidia,
519 2009 552 2036 et
578 2002 643 2035 alia
666 2003 857 2046 pugnantia
886 2015 964 2036 cum
987 2003 1072 2046 lege.

93 2054 168 2088 llos
185 2054 378 2088 diabolicos
401 2054 537 2087 furores
561 2053 697 2086 erudite
722 2055 872 2087 refutare
887 2054 1073 2089 discamus.

195 2103 360 2139 XLVIII.
396 2102 494 2137 Sicut
519 2103 689 2147 sapientia
705 2111 738 2137 et
754 2105 916 2137 voluntas
932 2102 998 2137 Dei
1023 2110 1073 2137 est

93 2162 233 2191 aeterna
257 2161 290 2187 et
314 2155 476 2194 immota,
504 2153 550 2187 ita
569 2160 601 2186 et
620 2154 671 2186 lex
693 2155 836 2188 moralis
854 2161 904 2188 est
921 2162 1071 2196 aeterna,

93 2206 176 2252 quia
191 2203 286 2239 Deus
312 2211 361 2238 est
385 2205 483 2243 talis,
518 2204 657 2248 qualem
682 2215 716 2236 se
734 2205 769 2237 in
797 2206 870 2246 lege
896 2205 1071 2245 describit,

94 2255 142 2291 Et
165 2261 282 2289 manet
297 2256 385 2288 ordo
404 2254 587 2291 immotus,
614 2261 652 2288 ut
668 2261 823 2290 creatura
842 2253 916 2287 Deo
933 2256 1070 2288 obtem-

93 2313 200 2350 peret.
256 2303 309 2338 De
336 2302 401 2338 hoc
423 2305 546 2337 ordine
573 2304 722 2337 dicimus
743 2317 821 2338 cum
846 2305 1070 2338 nominamus

95 2356 265 2389 vocabula
289 2355 398 2389 debiti
421 2362 454 2389 et
480 2355 702 2390 necessitatis,
753 2354 850 2389 Nova
869 2356 1069 2389 obedientia

94 2413 145 2440 est
167 2406 337 2438 debitum.
389 2404 476 2439 ltem
500 2411 551 2438 est
575 2405 785 2446 necessaria,
812 2417 883 2438 non
909 2408 1002 2450 qnod
1025 2406 1068 2439 sit

93 2456 274 2491 coactione
290 2462 420 2490 extorta
434 2483 443 2496 ,
469 2457 528 2488 sed
546 2456 627 2501 quia
646 2453 701 2489 bic
718 2457 804 2488 ordo
824 2457 988 2489 immotus
1006 2463 1069 2497 est,

95 2513 133 2540 ut
149 2513 307 2541 creatura
329 2504 403 2538 Deo
419 2506 647 2550 obtemperet,

192 2555 322 2590 XLIX.
364 2555 574 2601 Quanquam
600 2557 708 2600 igitur
730 2569 875 2600 persona
901 2558 1069 2601 recipitur

93 2613 235 2653 propter
252 2607 360 2638 lilium
377 2605 459 2643 Dei,
486 2613 518 2639 et
534 2619 595 2651 per
611 2619 690 2641 eum
716 2615 879 2652 tauquam
898 2609 1067 2641 mediato—

94 2670 166 2692 rem
183 2663 215 2690 et
235 2656 476 2690 umbraculum
493 2657 634 2699 tegitur:
663 2664 779 2691 tamen
798 2671 868 2692 non
885 2666 1064 2703 propterea

863 115 1305 155 PROPOSITIONE
1318 120 1355 158 S.

2042 131 2113 166 414

1136 202 1232 238 Deus
1257 211 1436 249 peccatum
1457 207 1632 253 reliquum
1658 211 1838 254 approbat.
1891 211 1960 246 Sed
1985 211 2045 246 has
2059 226 2115 247 re-

1136 254 1262 299 liquias
1287 256 1391 289 etiam
1413 257 1521 290 deleri
1547 259 1621 292 vult
1644 259 1682 292 in
1704 268 1816 295 morte
1832 263 2004 306 corporis,
2032 264 2115 297 reii-

1136 304 1182 337 cit
1206 304 1309 338 etiam
1332 317 1452 339 rursus
1475 320 1658 351 personam
1682 310 1792 354 ipsam
1818 324 1891 345 non
1914 325 2114 357 repugnan—
2145 342 2150 344 Δ

1135 361 1204 387 tem
1223 362 1380 399 peccato:
1409 356 1449 390 Si
1466 358 1618 392 actiones
1644 361 1758 394 carnis
1781 362 1906 405 spiritu
1924 364 2113 398 mortifica—

1134 404 1235 447 bitis,
1262 405 1404 446 vivetis,
1430 406 1555 444 Roma.
1570 409 1604 444 8.

1236 455 1278 490 L.
1304 455 1428 490 Manet
1448 459 1617 502 sapientia
1633 458 1697 493 Dei
1722 468 1755 493 et
1782 462 1856 502 lex,
1883 473 2018 506 semper
2036 476 2114 507 pec·-

1135 512 1249 539 catum
1271 513 1321 540 est
1337 507 1503 551 quiddam
1521 510 1722 542 damnatum
1734 537 1743 550 ,
1770 518 1802 544 et
1817 513 1922 545 corda
1940 514 1982 545 ad
1999 511 2113 546 Deum

1135 567 1300 589 conversa
1315 583 1324 597 ,
1354 558 1509 591 sentiunt
1534 571 1635 592 veros
1657 560 1814 601 dolores,
1841 562 1969 605 quibus
1992 575 2112 605 pecca-

1134 612 1209 639 tum
1226 606 1411 643 iudicatur.
1440 607 1514 641 Imo
1524 607 1677 643 Ecclesia
1692 607 1922 644 horribilibus
1936 615 2112 646 aerumnis

1132 656 1287 691 subiecta
1310 664 1360 691 est
1382 665 1526 702 propter
1552 657 1613 693 has
1631 659 1815 704 reliquias,
1842 659 1914 694 Nec
1937 662 2033 694 venit
2056 675 2113 695 re-

1134 707 1293 746 demtor,
1321 714 1360 741 ut
1387 709 1569 742 confirmet
1594 716 1791 753 peccatum,
1826 711 1885 744 sed
1909 718 1945 744 ut
1970 723 2112 755 prorsus

1132 757 1305 798 destruat,
1341 758 1498 793 restituta
1525 759 1658 802 integra
1688 760 1843 803 iusticia,
1885 761 1972 795 sicut
2000 763 2032 795 1.
2058 762 2112 795 lo-

1132 804 1212 841 han.
1238 809 1273 842 3.
1299 807 1443 842 dicitur:
1471 807 1647 853 Apparuit
1673 810 1765 843 filius
1781 809 1865 851 Dei,
1893 818 1931 844 ut
1959 813 2113 845 destruat

1132 867 1237 900 opera
1252 855 1416 899 Diaboli,
1444 859 1575 893 scilicet
1599 867 1777 903 peccatum
1804 868 1835 894 et
1851 868 2012 897 mortem.
2065 860 2112 894 Et

1130 906 1203 950 ipse
1219 905 1394 941 Dominus
1413 909 1529 953 inquit
1545 908 1675 945 Matth.
1694 909 1746 946 5.:
1782 910 1862 944 Non
1878 912 1957 944 veni
1977 913 2112 945 solvere

1130 957 1261 1000 legem,
1303 959 1362 990 sed
1394 958 1550 1001 implere.
1604 959 1729 1003 Implet
1759 968 1874 995 autem
1903 962 2018 1005 primo
2053 974 2112 995 sua

1130 1007 1343 1043 obedientia.
1394 1006 1533 1041 Deinde
1564 1010 1807 1043 satisfaciendo
1842 1023 1904 1054 pro
1940 1012 2042 1044 nobis
2077 1014 2111 1043 in

1131 1057 1335 1090 sustinenda
1360 1070 1492 1102 poena,
1534 1071 1638 1103 quam
1662 1071 1726 1092 nos
1749 1061 1926 1094 debemus.
1979 1060 2111 1096 Tertio.

1130 1107 1313 1140 efficiendo
1332 1108 1367 1140 in
1386 1108 1489 1142 nobis
1508 1109 1699 1149 iusticiam,
1728 1121 1803 1143 eam
1828 1111 1936 1154 ipsam
1949 1137 1958 1150 ,
1986 1112 2027 1144 de
2045 1124 2111 1155 qua

1130 1157 1361 1191 concionatur
1377 1159 1442 1194 lex.
1496 1158 1644 1201 Quam),
1672 1160 1859 1193 sanciendo
1878 1161 2001 1203 legem,
2029 1162 2110 1205 quia

1130 1213 1163 1240 et
1181 1208 1351 1251 approbat
1369 1215 1399 1241 et
1419 1208 1570 1243 illustrat
1587 1221 1675 1244 eam.
1728 1209 1930 1243 Damnandi
1947 1218 2026 1244 sunt
2045 1212 2111 1252 igt-

1130 1264 1187 1291 tur
1209 1264 1242 1290 et
1266 1256 1527 1292 Monachorum
1558 1266 1590 1293 et
1617 1258 1932 1303 Anabaptistarum
1964 1272 2110 1300 errores,

1130 1307 1271 1350 utrique
1295 1308 1389 1339 enim
1413 1309 1570 1351 fingunt,
1602 1309 1639 1341 in
1662 1311 1792 1342 renatis
1809 1322 1881 1343 non
1899 1322 1972 1343 esse
1990 1323 2110 1354 pecca-

1130 1363 1226 1396 tum,
1267 1357 1331 1389 etsi
1360 1354 1672 1400 Anabaptistarum
1703 1358 1838 1393 insania
1870 1360 2021 1393 atrocior
2050 1369 2110 1396 est,

1130 1405 1211 1449 quia
1229 1406 1317 1440 facta
1335 1412 1456 1440 contra
1474 1408 1582 1450 legem
1598 1415 1723 1450 negant
1742 1420 1813 1442 esse
1835 1416 1971 1453 peccata
1997 1418 2060 1445 etc.

1230 1454 1290 1487 LI.
1325 1454 1460 1488 Interea
1478 1464 1593 1490 tamen
1611 1458 1697 1490 scire
1722 1470 1859 1491 necesse
1883 1467 1949 1500 est,
1977 1461 2108 1493 doctri-

1129 1514 1210 1535 nam
1242 1504 1286 1535 de
1313 1504 1521 1538 liberatione
1552 1518 1570 1538 a
1603 1507 1694 1547 lege,
1729 1508 1823 1541 iuxta
1850 1509 1982 1542 dictum
2008 1510 2110 1548 illud,

1127 1551 1256 1586 Roma.
1272 1553 1325 1587 6.:
1360 1553 1441 1587 Non
1457 1555 1537 1589 estis
1553 1556 1618 1588 suh
1637 1556 1728 1599 lege,
1756 1559 1814 1589 sed
1833 1559 1898 1591 sub
1914 1560 2022 1600 gratia
2035 1584 2043 1596 ,
2074 1560 2109 1592 id

1128 1609 1198 1641 est,
1223 1604 1380 1636 conversi
1399 1604 1468 1637 iam
1486 1605 1610 1638 fiducia
1626 1607 1828 1640 mediatoris
1851 1609 1893 1640 ad
1911 1607 2024 1643 Deum
2037 1635 2045 1647 ,
2073 1610 2109 1641 itt

1128 1659 1196 1693 est,
1223 1665 1303 1686 vere
1318 1655 1442 1693 renati,
1470 1667 1542 1689 non
1558 1662 1641 1689 sunt
1658 1657 1815 1690 damnati
1833 1665 1870 1691 ut
1888 1666 2004 1692 antea:
2032 1660 2109 1702 pla-

1128 1710 1206 1737 cent
1226 1704 1319 1737 enim
1342 1711 1487 1749 propter
1509 1706 1756 1747 mediatorem,
1783 1708 1844 1752 qui
1869 1714 1901 1742 et
1923 1709 1989 1751 legi
2007 1710 2107 1742 satis-

1127 1753 1209 1788 facit
1225 1766 1288 1798 pre
1308 1755 1424 1796 nobis,
1441 1762 1473 1789 et
1490 1768 1565 1790 eam
1583 1756 1619 1789 in
1637 1757 1739 1790 nobis
1754 1758 1917 1796 restituit,
1945 1766 1978 1792 et
1995 1770 2108 1804 qnan-

1127 1815 1231 1848 quam
1257 1802 1372 1838 adhuc
1398 1803 1545 1841 haerent
1569 1807 1605 1839 in
1632 1807 1735 1840 nobis
1769 1808 1940 1853 reliquiae
1964 1810 2107 1852 peccati,

1127 1860 1243 1886 tamen
1258 1866 1314 1887 eas
1337 1855 1420 1898 tegit
1446 1857 1614 1901 imputata
1641 1857 1791 1893 iusticia.
1847 1857 1897 1891 Ac
1919 1859 2106 1902 diligenter

1126 1904 1384 1938 observandum
1401 1913 1469 1945 est,
1496 1908 1590 1951 quod
1616 1908 1776 1941 nominat
1797 1909 1962 1951 gratiam,
1988 1916 2021 1942 et
2044 1922 2107 1941 nos

1125 1954 1235 1996 gratia
1261 1955 1396 1998 placere
1420 1957 1596 1997 adfirmat,
1621 1958 1714 2001 quod
1741 1958 1912 2000 significat
1933 1959 2106 1991 iusticiam

1125 2004 1309 2047 gratuitam
1324 2032 1332 2045 ‚
1373 2018 1440 2050 qua
1466 2014 1609 2050 propter
1629 2007 1858 2040 mediatorem
1881 2019 2017 2051 passum
2043 2021 2104 2052 pro

1126 2054 1246 2094 nobis,
1274 2062 1307 2088 et
1332 2055 1399 2088 iam
1426 2057 1668 2099 deprecantem
1695 2069 1757 2100 pro
1776 2058 1896 2095 nobis,
1921 2059 2106 2101 placemus,

1124 2105 1210 2137 sicut
1224 2111 1256 2137 et
1268 2105 1351 2138 alibi
1368 2107 1513 2147 gratiam
1531 2107 1701 2145 nominat,
1720 2107 1880 2152 inquiens
1891 2106 2104 2143 Rotnan.5.:

1124 2156 1267 2197 Quanto
1290 2156 1400 2198 magis
1423 2157 1533 2198 gratia
1551 2156 1616 2189 Dei
1645 2164 1675 2190 et
1704 2158 1836 2190 donum
1865 2169 1925 2200 per
1947 2159 2106 2200 gratiam,

1125 2212 1267 2249 propter
1282 2217 1393 2239 unum
1410 2203 1590 2239 bominem
1610 2207 1722 2240 Iesum
1741 2205 1922 2240 Christum
1940 2209 2104 2241 exuberat

1123 2256 1159 2288 in
1180 2256 1318 2289 multos,
1377 2254 1428 2289 Ac
1447 2257 1634 2299 diligenter
1651 2257 1846 2291 consideret
1868 2258 1977 2291 lector
2001 2270 2104 2291 roca-

1123 2306 1246 2339 bulum
1272 2306 1401 2348 gratiae
1427 2307 1461 2339 iu
1487 2307 1614 2340 talibus
1642 2307 1743 2346 locis,
1779 2314 1816 2340 ut
1842 2305 1932 2340 hanc
1949 2320 2105 2341 necessa-

1123 2356 1211 2389 riam
1226 2357 1501 2390 consolationem
1523 2365 1712 2396 tent-amus,
1741 2358 1834 2401 quod
1854 2358 1888 2389 in
1908 2370 2030 2401 magna
2051 2360 2104 2390 iu-

1120 2407 1282 2440 firmitate
1301 2407 1471 2445 conversi,
1499 2414 1612 2440 tamen
1632 2409 1789 2451 placeant
1812 2414 1953 2451 propter
1972 2410 2104 2441 media-

1119 2464 1248 2493 torem,
1276 2456 1390 2489 Deum
1406 2464 1437 2489 et
1457 2454 1647 2492 bominem.

1221 2506 1296 2541 llll.
1344 2506 1454 2549 Magis
1480 2508 1658 2551 perspicue
1678 2508 1889 2551 intelligitur
1906 2509 2067 2542 liberatio
2085 2522 2101 2541 ,1

1120 2559 1210 2599 lege,
1237 2558 1378 2601 quaudo
1398 2557 1568 2598 integrum
1591 2559 1794 2591 beneficium
1815 2560 2002 2596 iutuemur,
2020 2567 2102 2591 tuuc

1119 2621 1197 2641 eum
1241 2606 1433 2640 resuscitati
1472 2608 1678 2642 babebimus
1717 2610 1886 2642 iusticiam
1927 2617 1955 2642 et
1995 2610 2096 2642 xitum

1119 2665 1316 2694 aeternum,
1345 2657 1419 2689 sine
1445 2665 1583 2701 peccato
1609 2667 1638 2692 et
1668 2660 1741 2692 sine
1760 2667 1890 2694 morte,
1920 2659 2099 2690 manifeste
