2324 2955
212 112 307 150 1035

261 196 368 232 Anno
397 195 521 228 mundi
553 201 675 239 quater
704 194 890 227 millesimo
916 194 1185 238 quadringente-

413 244 500 277 simo
520 244 786 288 quadragesimo
802 244 929 288 primo,

261 296 367 329 Anno
390 292 526 327 Romae
548 294 735 328 millesimo
759 293 996 328 ducentesimo
1022 293 1185 327 vicesimo

416 355 524 377 nono.

262 394 368 427 Anno
392 390 522 427 Christi
552 394 897 439 quadringentesimo
933 393 1184 438 septuagesimo

414 455 522 479 nono.

316 499 416 534 Zeno
441 512 546 545 gener
560 501 688 536 Leonis
710 513 854 546 regnare
879 502 1003 546 coepit.
1055 501 1186 536 Tenuit

214 551 401 595 imperium
428 564 538 585 annos
560 553 806 597 septendecim.
865 552 977 586 Natus
1004 552 1042 585 in
1065 551 1185 586 Cilicia

213 601 369 634 obscuris
390 603 610 645 parentibus,
643 604 768 636 ductor
790 602 958 636 exercitus
975 603 1039 636 sub
1055 602 1186 642 Leone,

213 663 293 684 raro
310 652 465 695 exemplo
483 665 501 685 a
518 653 590 685 filio
615 653 723 686 sactus
740 653 940 697 imperator.
1000 652 1089 685 Nam
1113 651 1185 685 Leo

214 702 459 745 imperatorem
486 703 612 736 fecerat
633 702 786 736 Leonem
811 703 1031 743 Secundum,
1063 708 1184 735 natum

215 763 254 784 ex
273 750 415 784 Zenone
433 763 559 795 genero
579 759 611 786 et
627 752 802 793 Ariadna,
831 764 918 796 quae
935 753 1001 785 fuit
1024 752 1094 785 filia
1111 751 1185 795 pri-

214 800 263 832 mi
280 800 420 836 Leonis,
473 801 670 835 Moriturus
686 809 801 836 autem
825 803 918 836 filius
940 802 1184 846 imperatorem

214 850 294 883 fecit
310 857 454 894 patrem.
505 850 694 895 Praecipue
712 852 953 885 memorabilia
971 852 1009 884 in
1028 853 1100 885 eius
1119 852 1186 884 im-

212 900 311 943 perio
328 897 411 933 haec
429 900 644 935 acciderunt:
672 901 832 935 Basilisci
848 902 992 943 seditio,
1019 900 1185 935 Theodo-

213 950 278 982 rici
302 949 435 984 Gottici
466 951 554 994 regis
584 951 622 984 in
645 950 780 987 Italiam
805 952 997 997 expeditio,
1033 959 1067 985 et
1092 963 1185 984 mors

215 999 324 1044 ipsius
342 1000 506 1038 Zenonis.

312 1049 470 1083 Primum
488 1050 595 1092 igitur
608 1062 716 1093 pauca
732 1052 774 1084 de
791 1050 955 1084 Basilisco
971 1049 1095 1089 dicam,
1124 1050 1186 1094 qui

214 1098 280 1132 fuit
297 1098 404 1132 frater
420 1110 537 1132 socrus
555 1100 722 1134 Zenonis.
773 1099 867 1133 Haec
884 1101 1026 1133 absente
1042 1099 1185 1132 Zenone

214 1149 252 1182 in
270 1146 392 1181 Cilicia
409 1149 594 1192 imperium
618 1149 655 1181 in
679 1150 819 1183 fratrem
846 1150 1040 1188 transtulit,
1069 1150 1129 1194 qui
1147 1156 1186 1183 ut

215 1198 435 1232 confirmaret
453 1199 555 1239 vires,
582 1199 741 1232 adiunxit
758 1199 825 1232 sibi
842 1200 1027 1233 factionem
1039 1197 1185 1243 Episco-

213 1259 358 1291 porum,
382 1249 442 1293 qui
459 1249 731 1282 adversabantur
741 1249 884 1295 Synodo
897 1247 1185 1290 Chalcedonensi,

214 1304 254 1331 ut
276 1308 376 1341 saepe
402 1298 524 1341 religio
547 1299 760 1342 praetexitur
784 1300 900 1344 pravis
924 1300 1185 1342 cupiditatibus.

214 1345 382 1391 Episcopi
415 1355 505 1382 recte
532 1349 719 1384 sentientes
745 1361 785 1382 ex
816 1349 886 1383 suis
920 1350 1060 1382 sedibus
1092 1350 1185 1393 pulsi

214 1404 306 1431 sunt.
360 1396 454 1431 Haec
471 1410 548 1431 cum
568 1399 675 1439 fiunt,
699 1399 790 1433 redit
805 1398 901 1432 Zeno
913 1423 922 1438 ‚
949 1411 986 1432 ac
1002 1400 1105 1433 duces
1116 1399 1186 1432 Ba-

215 1447 320 1480 silisci
338 1448 478 1481 obviam
494 1448 588 1482 missi
603 1450 803 1483 defecerunt
817 1450 860 1482 ad
877 1449 1066 1484 Zenonem.
1104 1449 1184 1492 Quo

215 1508 353 1530 reverso
379 1498 416 1530 in
438 1499 562 1532 urbem
587 1498 814 1545 Byzantium,
839 1498 1026 1533 Basiliscus
1050 1500 1185 1543 fugiens

216 1547 255 1579 in
284 1548 474 1591 templum,
524 1551 620 1593 quod
644 1550 835 1593 polluerat,
861 1550 943 1583 inde
970 1550 1134 1584 inductus
1154 1557 1186 1584 et

215 1603 350 1639 captus,
377 1605 410 1631 et
426 1610 505 1632 cum
523 1611 629 1632 uxore
645 1600 682 1632 in
699 1600 840 1633 exilium
857 1600 1001 1641 missus,
1028 1600 1090 1633 ubi
1107 1612 1185 1633 cum

214 1647 342 1688 frigore
357 1654 387 1680 et
402 1648 490 1680 fame
513 1650 675 1683 morituri
699 1657 828 1690 essent,
855 1650 1025 1693 complexi
1049 1661 1084 1682 se
1107 1662 1185 1682 mu-

214 1702 275 1728 tuo
294 1695 480 1730 Basiliscus
504 1704 535 1730 et
560 1709 665 1736 uxor,
693 1704 726 1731 et
754 1700 893 1740 cognati
917 1700 1067 1740 aliquot,
1094 1697 1186 1729 cala-

216 1747 370 1778 mitatem
387 1757 482 1779 suam
499 1747 781 1790 deploraverunt.
976 1742 979 1743 ⁷

304 1794 370 1828 Hic
381 1795 447 1828 fuit
462 1796 572 1829 exitus
587 1796 741 1829 seditiosi
758 1794 923 1836 hominis,
939 1803 972 1829 et
989 1797 1048 1841 qui
1064 1797 1186 1830 factio-

216 1855 296 1878 nem
320 1845 460 1888 impiam
476 1846 760 1885 confirmaverat,
785 1852 824 1878 ut
846 1857 951 1888 regno
975 1847 1158 1889 potiretur.

315 1893 522 1939 Priusquam
538 1907 618 1928 vero
635 1897 678 1928 ad
697 1894 855 1928 Gotticas
872 1907 924 1928 res
942 1896 980 1928 in
1005 1896 1102 1929 Italia
1127 1908 1185 1939 ge-

216 1950 284 1977 stas
299 1945 444 1985 accedo,
470 1945 512 1977 de
532 1952 643 1979 morte
668 1945 822 1979 Zenonis
839 1945 962 1981 dicam.
1016 1945 1184 1980 Scribunt

216 2005 294 2026 eum
319 1995 458 2038 crapula
482 1995 670 2029 extinctum
694 2007 776 2030 esse.
828 1994 980 2029 Narrant
1002 2003 1116 2030 autem
1141 1998 1184 2029 ab

216 2055 322 2076 uxore
338 2045 568 2078 temulentum
584 2043 699 2079 adhuc
714 2046 888 2079 viventem
908 2045 945 2078 in
960 2045 1183 2091 sepulchrum

217 2094 389 2127 inclusum
408 2106 478 2128 esse
493 2101 596 2140 atque
615 2096 662 2135 ita
685 2102 857 2131 necatum.

266 2169 371 2202 Anno
405 2168 530 2202 mundi
559 2176 680 2213 qnater
702 2168 888 2202 millesimo
912 2169 1184 2215 quadringente-

420 2220 505 2252 simo
523 2219 810 2264 quinquagesimo
834 2219 969 2264 quinto.

267 2268 372 2302 Anno
396 2268 528 2302 Romae
559 2270 745 2302 millesimo
770 2270 1008 2304 ducentesimo
1032 2272 1183 2316 quadra-

424 2320 552 2360 gesimo
569 2320 683 2353 tertio.

264 2365 367 2399 Anno
406 2367 538 2402 Christi
579 2369 916 2414 quadringentesimo
957 2371 1181 2413 nonagesimo

413 2420 526 2453 tertio.

214 2475 278 2508 De
308 2473 592 2511 Tlteodorico
622 2480 805 2512 Gottico
841 2489 966 2524 reye,
1002 2483 1047 2513 et
1073 2481 1180 2514 Got-

392 2529 539 2559 torum
566 2539 706 2574 regno
736 2532 782 2563 ἱη
810 2530 976 2563 ltalia.

310 2579 555 2616 Theodericus
579 2596 635 2617 rex
667 2585 844 2627 Gotticus,
871 2587 932 2632 qui
957 2586 1177 2620 Pannoniam

209 2633 333 2672 tenuit,
361 2633 483 2667 missus
501 2646 518 2667 a
535 2633 676 2667 Zenone
695 2636 730 2667 in
756 2635 911 2678 Italiam,
939 2649 1042 2683 quarn
1067 2637 1179 2671 tenuit

450 109 656 147 SCRIPTA
683 109 758 144 PH.
785 106 903 145 MEL.
928 107 996 144 AD
1022 107 1148 147 HIST.
1173 106 1316 145 PROF.
1343 104 1408 142 ΕΤ
1435 103 1624 141 PHILOS.
1650 104 1968 143 SPECTANTIA.

2113 109 2207 143 1036

1235 203 1345 226 annos
1366 191 1510 234 triginta
1534 197 1614 225 tres,
1657 189 1871 224 Adolescens
1893 191 1961 225 fuit
1993 193 2092 226 obses
2114 194 2208 236 apud

1235 242 1451 275 Martianum
1480 247 1512 275 et
1536 240 1710 281 Leonem,
1744 241 1806 274 ubi
1830 239 1992 274 Romana
2021 242 2207 287 disciplina

1235 292 1417 325 institutus
1433 298 1499 332 est,
1526 296 1559 324 et
1583 297 1701 334 postea
1719 292 1761 323 ad
1780 297 1963 334 paternum
1987 303 2132 335 regnum
2151 304 2206 325 re-

1235 342 1358 374 missus
1377 341 1491 374 socius
1507 339 1663 375 Romani
1684 340 1822 383 imperii
1847 341 1958 374 fidelis
1979 341 2057 376 suit.
2110 341 2206 375 Con-

1239 391 1410 425 sideretur
1427 398 1541 424 autem
1559 402 1627 435 quo
1644 397 1741 433 patre
1756 397 1858 423 natus
1873 391 1927 426 sit.

1333 440 1494 484 Regnum
1504 440 1709 473 Pannoniae
1726 438 1827 473 Gotti
1845 447 2033 475 tenuerunt
2050 446 2130 474 ante
2141 439 2208 474 At-

1234 491 1352 532 tilam,
1387 492 1446 524 sed
1469 490 1600 524 Attilae
1624 489 1799 533 potentiae
1829 491 2004 529 cedentes,
2046 492 2156 524 donec
2177 491 2206 524 is

1234 541 1337 582 vixit,
1364 541 1400 573 in
1418 540 1583 574 servitute
1607 540 1760 573 fuerunt.
1814 538 1903 573 Cum
1929 547 2043 573 autem
2064 541 2127 573 filii
2144 542 2208 574 At-

1234 592 1315 625 tilae
1334 597 1411 635 post
1425 591 1500 624 eius
1515 596 1664 623 mortem
1683 590 1861 623 discordes
1884 597 2016 630 essent,
2043 597 2112 622 tres
2136 591 2207 623 fra-

1234 648 1301 675 tres
1319 640 1451 674 Gottici
1467 647 1716 682 recuperarunt
1730 640 1964 673 Pannoniam:
1993 638 2204 677 walamir,

1235 688 1436 724 sl'lzeodmir
1452 695 1481 723 et
1507 687 1690 725 VVidmir.
1741 688 1838 723 Inter
1854 687 1918 722 hos
1934 689 2067 733 primus
2085 701 2208 732 regna-

1235 742 1284 775 vit
1307 740 1492 774 XValamir
1514 740 1686 774 maximus
1711 747 1814 780 natu,
1853 751 1930 772 cum
1958 740 2087 773 Attilae
2118 739 2209 772 filios

1235 792 1370 836 aliquot
1393 790 1533 835 praeliis
1557 796 1771 833 superasset,
1804 790 1876 833 ipse
1899 789 2025 822 deinde
2049 790 2086 822 in
2108 801 2209 834 prae-

1236 842 1303 879 lio,
1332 842 1426 886 quod
1445 853 1522 873 cum
1541 839 1664 874 Suevis
1688 840 1786 880 fecit,
1813 840 1851 872 in
1874 851 1912 873 ea
1936 840 2095 883 regione,
2121 850 2209 884 quae

1236 903 1332 925 nunc
1354 889 1581 930 est‘Austria,
1609 890 1721 933 periit.

1335 940 1473 974 Deinde
1490 940 1647 983 regnavit
1657 936 1872 973 Theodmz‘r.
1897 938 1964 972 Hic
1980 942 2076 982 pater
2089 935 2208 971 Theo-

1234 989 1345 1023 dorici
1384 988 1510 1029 huius,
1558 1001 1662 1033 quem
1701 989 1926 1022 nominamus
1962 988 2210 1026 Veronensem,

1234 1040 1317 1079 fuit,
1345 1045 1377 1072 et
1401 1038 1548 1072 victores
1571 1038 1704 1071 Suevos
1725 1045 1759 1071 et
1777 1037 1966 1071 Alemanos
1989 1049 2008 1071 a
2023 1037 2209 1071 Pannonia

1235 1088 1380 1132 depulit.

1337 1137 1477 1170 Tertius
1492 1137 1599 1169 frater
1632 1133 1806 1171 lVidmir
1837 1136 1936 1169 duxit
1961 1137 2148 1169 exercitum
2171 1138 2208 1168 in

1235 1187 1388 1228 Italiam,
1421 1187 1483 1220 ubi
1514 1193 1673 1221 mortuus
1698 1194 1758 1222 est.
1818 1186 1910 1228 Quia
1933 1198 2014 1219 vero
2039 1183 2207 1219 Theodo-

1237 1239 1330 1271 ricus
1353 1238 1495 1270 absente
1523 1243 1621 1279 patre
1649 1236 1840 1276 Sarmatas,
1875 1235 1936 1280 qui
1962 1235 2151 1269 Gottornrn
2176 1243 2209 1270 et

1236 1287 1479 1321 Romanorum
1512 1292 1620 1319 terras
1646 1287 1803 1330 populati
1834 1286 1989 1326 fuerant,
2022 1286 2209 1330 repulerat,

1235 1338 1332 1370 Zeno
1349 1338 1538 1381 imperator
1556 1349 1632 1369 eum
1650 1337 1692 1369 ad
1711 1348 1745 1370 se
1762 1342 1879 1376 vocat,
1906 1342 1940 1369 et
1955 1337 2035 1369 facit
2054 1347 2131 1368 eum
2142 1335 2209 1369 Pa-

1235 1387 1375 1421 tricium
1402 1394 1436 1421 et
1459 1386 1658 1420 Consulem.
1711 1386 1764 1419 Ac
1786 1386 1883 1418 misit
1907 1398 1985 1419 eum
2009 1386 2047 1418 in
2072 1385 2209 1419 Italiam

1236 1444 1357 1472 contra
1374 1435 1577 1471 Odoacrum
1600 1435 1822 1479 Rugianum,
1849 1447 1951 1480 quem
1975 1435 2114 1469 duobus
2135 1446 2211 1469 ma-

1235 1488 1311 1532 gnis
1327 1488 1466 1531 praeliis
1482 1486 1575 1526 vicit,
1601 1492 1634 1519 et
1652 1486 1778 1520 deinde
1790 1498 1868 1520 cum
1878 1484 2084 1519 Ravennam
2100 1485 2210 1519 trien-

1236 1539 1295 1571 nio
1318 1538 1525 1577 obsedisset,
1559 1537 1742 1570 interfecit.
1801 1536 1938 1569 Potitus
1961 1535 2060 1569 Italia
2083 1536 2209 1569 urbem

1236 1587 1387 1622 Romam
1405 1587 1549 1621 Senatui
1566 1587 1751 1629 regendam
1770 1586 2044 1619 commendavit:
2083 1585 2136 1617 sui
2152 1596 2208 1618 re·-

1237 1638 1296 1680 gni
1310 1650 1423 1670 arcem
1439 1637 1647 1671 Ravennam
1672 1647 1743 1668 esse
1766 1635 1893 1667 voluit:
1921 1635 2108 1667 seditiones
2133 1633 2209 1669 Ro-

1236 1696 1313 1717 mae
1334 1694 1427 1717 ortas
1447 1693 1590 1726 propter
1611 1686 1815 1718 electionem
1831 1683 2041 1717 Pontificum
2064 1685 2209 1718 sedavit.

1236 1732 1282 1767 Et
1309 1740 1399 1766 extat
1421 1733 1458 1765 in
1483 1732 1618 1765 Graeco
1648 1735 1815 1775 scriptore
1840 1733 1993 1766 laudatio
2019 1734 2152 1777 ingenii
2177 1741 2211 1768 et

1237 1783 1393 1817 iusticiae
1426 1782 1515 1815 eius:
1555 1779 1788 1826 δικαιοσύνης
1816 1779 2013 1828 ὑπερφυῶς
2040 1781 2208 1829 ἐπεμελή-

1238 1844 1345 1874 σατο,
1373 1830 1590 1872 ξυνέσεωστε
1606 1829 1669 1866 καὶ
1686 1829 1857 1878 ἀνδρείας
1872 1833 1921 1870 εἷς
1945 1831 2060 1878 ἀκρὸν
2084 1831 2208 1878 ἐλήλυ-

1236 1883 1318 1917 θεν.
1367 1882 1436 1917 Sed
1453 1889 1648 1926 postremus
1665 1882 1738 1915 eius
1755 1889 1851 1916 actus
1867 1890 2031 1916 cruentus
2047 1884 2122 1916 suit.
2151 1883 2207 1917 lo-

1237 1932 1390 1966 hannem
1433 1931 1636 1967 Romanum
1668 1930 1900 1977 Episcopum,
1949 1933 2031 1977 quia
2064 1933 2208 1968 Arianis

1238 1984 1364 2028 templa
1388 1984 1526 2016 tradere
1548 1983 1706 2023 nolebat,
1734 1983 1861 2016 carceri
1879 1983 2030 2018 inclusit.
2066 1982 2154 2016 Nam
2173 1991 2207 2019 et

1237 2035 1309 2076 ipse
1320 2031 1575 2073 Theudoricus,
1600 2039 1638 2066 ut
1656 2033 1813 2078 plerique
1831 2032 1942 2074 Gom,
1966 2031 2206 2069 Arianusfuit.

1236 2083 1304 2117 Hic
1321 2081 1494 2117 Iohannes
1508 2081 1701 2127 Episcopus
1716 2083 1753 2116 in
1770 2095 1904 2117 carcere
1922 2090 2081 2117 mortuus
2094 2091 2154 2119 est.

1336 2133 1425 2168 Cum
1443 2145 1567 2177 magna
1583 2133 1750 2167 autoritas
1767 2132 1904 2168 Romae
1925 2134 2077 2167 duorum
2096 2133 2206 2169 Sena-

1237 2184 1353 2218 torum
1367 2191 1471 2225 esset,
1498 2181 1698 2229 Symmachi
1715 2183 1887 2225 etBoe'tii,
1912 2184 1973 2228 qui
1987 2196 2093 2227 gener
2102 2184 2206 2229 Sym-

1237 2233 1352 2268 machi
1369 2235 1453 2275 fuit,
1476 2235 1631 2267 evocavit
1646 2245 1705 2267 eos
1715 2233 1898 2274 Ticinum,
1924 2241 1956 2268 et
1976 2235 2037 2267 diu
2051 2234 2205 2278 captivos

1236 2286 1366 2324 tenuit,
1389 2286 1471 2330 quia
1487 2284 1664 2329 aliquibus
1684 2284 1757 2317 eius
1774 2285 1920 2318 decretis
1942 2284 2112 2317 adversati
2128 2285 2205 2317 fue-

1235 2343 1330 2369 rant:
1363 2334 1410 2369 Et
1431 2342 1470 2368 ut
1491 2346 1553 2377 ego
1576 2334 1752 2373 existimo,
1781 2335 1861 2380 quia
1884 2334 2131 2377 impedierant,
2159 2346 2205 2367 ne

1235 2385 1378 2419 Arianis
1392 2384 1569 2419 Ecclesiae
1584 2385 1821 2424 traderentur,
1846 2391 1877 2417 et
1895 2384 1985 2416 bona
2003 2395 2121 2417 eorum
2138 2396 2205 2428 pu—

1235 2437 1396 2476 blicavit,
1422 2442 1456 2469 et
1480 2436 1621 2469 tandem
1646 2435 1739 2478 ipsos
1769 2434 1915 2467 interfici
1941 2433 2050 2471 iussit.
2100 2433 2202 2468 Hanc

1234 2486 1399 2520 iniustam
1420 2485 1657 2519 crudelitatem
1675 2482 1757 2518 haec
1773 2495 1882 2527 poena
1898 2490 2012 2516 secuta
2034 2489 2100 2516 est:
2127 2496 2198 2517 non

1233 2537 1344 2571 multo
1358 2543 1435 2580 post
1452 2548 1571 2569 eorum
1594 2546 1731 2574 necem,
1757 2545 1836 2566 cum
1861 2533 2022 2566 coenanti
2041 2535 2202 2578 proposi-

1233 2593 1305 2620 tum
1331 2587 1451 2620 suisset
1475 2586 1513 2618 in
1535 2596 1652 2618 mensa
1676 2584 1806 2626 grande
1829 2590 1931 2627 caput
1955 2583 2078 2626 piscis,
2104 2584 2200 2618 visus

1231 2644 1280 2671 est
1296 2637 1363 2671 sibi
1380 2648 1518 2671 cernere
1533 2640 1635 2679 caput
1645 2631 1848 2679 Symmachi
1864 2631 2026 2668 horribili
2041 2634 2143 2676 rictu,
2167 2641 2201 2668 et
