2324 2955
196 116 268 152 895

300 202 432 235 Interea
450 199 583 232 Romae
601 194 741 228 Caesari
766 194 802 226 in
820 192 1013 227 Consulatu
1036 205 1169 229 succes-

202 259 320 286 serunt
337 262 429 283 anno
447 245 752 291 septingentesimo
769 251 863 277 sexto
881 243 1033 277 Calenus
1051 252 1083 279 et
1101 244 1171 278 Va-

202 303 321 336 tinius.
376 299 422 332 Ut
439 305 554 330 autem
572 295 697 329 Caesar
720 306 847 327 nomen
865 292 1008 328 haberet
1025 295 1172 338 legitimi

203 351 443 392 Magistratus,
469 347 627 380 Dictator
641 357 659 378 a
671 344 720 377 M.
730 343 887 378 Antonio
903 345 1025 378 absens
1042 352 1174 379 creatus

202 408 250 433 est
273 402 309 432 in
335 410 476 433 annum.
537 395 588 429 Ac
609 395 747 428 rediens
771 407 811 427 eo
836 406 928 427 anno
945 395 1099 430 Romam
1125 395 1175 429 ibi

202 451 330 483 mansit
349 450 484 493 aliquot
499 447 688 480 mensibus.

305 517 470 550 Proximo
487 527 579 548 anno
603 513 911 558 septingentesimo
935 512 1084 556 septimo
1107 519 1177 546 ter-

206 569 292 600 tium
313 566 445 600 Consul
470 567 579 598 factus
602 571 651 597 est
669 563 796 597 Caesar
820 575 898 596 cum
921 561 1069 606 Lepido.
1124 561 1177 596 Eo

206 630 299 650 anno
327 618 362 649 in
386 614 538 660 Apbrica
567 615 707 647 disficile
729 614 862 647 bellum
887 613 990 654 gessit
1014 614 1178 646 adversus

207 668 372 712 reliquias
401 666 650 709 Pompeianas,
693 665 751 697 sed
784 663 867 696 vicit
903 663 1052 696 tandem.
1126 662 1178 696 lbi

207 717 364 751 Petreius
383 716 502 749 Iubam
527 727 641 758 regem
664 722 695 748 et
719 725 791 746 sese
818 713 1000 747 interfecit.
1061 712 1179 756 Scipio

209 780 346 812 quoqne
362 774 394 800 et
413 766 498 800 Cato
517 766 582 798 sibi
600 772 744 798 mortem
764 764 1018 798 consciverunt.
1078 761 1181 796 Afra-

209 818 289 850 nius
312 830 389 850 cnm
416 817 449 848 in
474 822 675 859 potestatem
689 813 846 846 Caesaris
869 813 1036 852 venisset,
1070 813 1181 846 inter-

209 868 317 900 fectus
343 874 402 899 est.
455 867 541 899 Inde
556 864 707 899 Romam
733 875 891 896 reversus
908 861 1052 904 Caesar,
1088 875 1182 896 anno

209 917 514 960 septingentesimo
546 922 667 948 octavo
698 921 832 946 creatus
863 920 913 946 est
933 912 1092 946 Dictator
1114 920 1184 947 ter—

208 968 297 1001 tium
329 967 364 999 in
397 978 508 999 annos
530 967 667 1004 decem,
705 971 738 997 et
765 962 898 996 Consul
920 970 1084 1007 quartum
1110 964 1184 997 sine

211 1018 340 1060 collega
359 1018 467 1050 sactus
484 1022 545 1049 est.
597 1013 678 1056 Egit
701 1024 860 1053 censum,
887 1014 1066 1046 ordinavit
1090 1014 1185 1045 iudi-

212 1068 282 1110 cia,
319 1067 494 1110 supplevit
518 1065 707 1103 Senatum,
743 1070 776 1096 et
805 1069 961 1106 tempora
992 1063 1186 1095 rectoribus

211 1118 474 1159 provinciarum
497 1114 728 1159 praescripsit.

315 1181 419 1215 Anno
457 1179 761 1224 septingentesimo
794 1190 888 1211 nono
922 1173 1039 1211 mens'e
1071 1175 1186 1222 Aprili

215 1233 393 1265 dimicavit
412 1233 453 1264 ad
472 1231 646 1263 Mundam
673 1241 751 1262 cum
779 1228 861 1261 filiis
880 1227 1038 1272 Pomp&
1061 1239 1187 1270 magno

214 1295 292 1315 cum
323 1282 488 1326 pericula
558 1280 646 1313 Nam
680 1291 757 1312 cum
791 1279 923 1322 primus
954 1279 1121 1322 impetum
1152 1277 1188 1309 in

214 1330 347 1364 hostem
365 1333 507 1369 faceret,
534 1332 682 1363 ducenta
698 1330 733 1360 in
752 1340 831 1361 eum
846 1329 913 1361 tela
929 1329 1082 1361 coniecta
1098 1334 1190 1368 sunt,

216 1390 248 1415 et
267 1394 342 1414 sero
359 1383 400 1414 ad
420 1392 596 1424 vesperam
617 1379 717 1419 vicit,
753 1378 934 1411 trucidatis
952 1378 1092 1421 triginta
1108 1378 1189 1410 mil-

215 1433 305 1466 libus
324 1430 490 1466 hostium.

318 1498 469 1541 Recepta
482 1497 652 1540 Hispania
671 1503 702 1530 et
721 1497 847 1539 pacatis
865 1496 1030 1529 omnibus
1046 1494 1190 1538 provin-

219 1550 279 1582 ciis
303 1548 453 1582 Romam
478 1559 594 1580 mense
617 1545 766 1579 Octobri
800 1547 921 1586 rediit,
963 1546 1024 1579 ubi
1049 1546 1080 1577 ei
1106 1545 1190 1577 novi

218 1598 369 1632 honores
398 1598 525 1630 decreti
551 1603 652 1637 sunt,
691 1603 730 1629 ut
761 1596 920 1630 Dictator
944 1603 1131 1639 perpetuus
1159 1601 1191 1627 et

221 1649 412 1692 Imperator
428 1648 690 1685 nominaretur,
717 1653 749 1679 et
766 1653 1005 1679 sacrosanctus
1023 1651 1127 1683 esset,
1156 1645 1191 1676 id

224 1707 289 1739 est,
319 1698 550 1736 inxiolabilis,
579 1694 673 1740 ἱερδς
695 1694 756 1728 καὶ
778 1695 934 1736 ἄσυλος,
962 1701 995 1727 et
1020 1700 1058 1727 ut
1075 1692 1192 1735 Magi-

224 1757 350 1782 stratus
366 1749 519 1779 inrarent
536 1747 571 1778 in
590 1747 696 1789 ipsius
716 1751 800 1778 acta.
857 1744 906 1777 Ita
932 1755 1066 1777 summa
1095 1750 1192 1786 pote-

224 1806 291 1832 stas
312 1799 341 1831 ei
362 1798 527 1830 attributa
546 1803 594 1828 cst
613 1796 794 1829 universae
809 1793 1085 1836 gubernationiS.
1140 1791 1192 1825 Eo

224 1857 380 1890 tempore
402 1848 490 1889 leges
511 1846 615 1879 Iulias
639 1845 730 1880 tulit.
782 1843 828 1878 Et
851 1857 980 1877 annum
1002 1843 1193 1882 ordinavit,

225 1911 292 1942 quo
312 1896 476 1930 hactenns
493 1897 656 1929 universa
679 1895 861 1937 posteritas
888 1906 948 1927 usa
973 1900 1042 1933 est,
1078 1893 1138 1937 qui
1162 1899 1194 1926 et

225 1960 337 1981 annus
363 1948 519 1979 Iulianus
543 1945 758 1989 appellatur,
800 1945 898 1977 cuIns
924 1944 1092 1977 rationem
1115 1954 1194 1986 per-

226 1999 398 2031 turbatam
434 1998 467 2028 in
498 1996 600 2028 bellis
630 1995 792 2027 civilibus
824 1993 1002 2036 Augustus
1032 1993 1194 2027 restituit.

224 2048 312 2081 Nam
346 2054 424 2080 ante
460 2046 586 2079 lulium
615 2044 767 2078 Romani
799 2045 978 2077 mensibus
1008 2043 1194 2077 duodecim

227 2098 407 2130 lunaribus
440 2109 570 2128 annum
601 2095 786 2135 finiebant,
833 2101 865 2128 et
896 2095 976 2139 quia
1010 2100 1196 2138 supersunt

224 2148 388 2181 undecim
419 2148 509 2186 dies,
555 2146 616 2190 qni
639 2145 867 2178 nominantur
888 2142 1060 2184 ἕπακταῖ,
1104 2144 1195 2176 intra

228 2204 304 2230 octo
327 2208 437 2230 annos
462 2197 681 2229 addebantur
706 2202 773 2227 tres
799 2206 934 2228 menses
963 2194 1195 2231 intercalares,

231 2248 322 2291 quod
347 2247 575 2279 nominabant
594 2241 857 2290 ὅκτωετήριὸα,
885 2246 933 2279 ita
954 2251 993 2278 ut
1016 2250 1085 2277 tres
1108 2244 1194 2276 anni

229 2297 391 2340 postremi
413 2295 579 2330 haberent
597 2295 722 2337 singuli
742 2295 904 2328 tredecim
920 2306 1066 2328 menses.
1101 2293 1195 2327 Haec

230 2347 318 2379 ratio
338 2359 414 2378 cnm
432 2353 517 2379 esset
533 2346 727 2385 consusior,
751 2357 814 2377 nec
839 2345 938 2378 initia
961 2357 1134 2378 annorum
1159 2344 1194 2376 in

231 2397 322 2429 diem
349 2403 477 2428 certum
508 2396 718 2435 inciderent,
762 2394 871 2427 Iulius
894 2392 984 2428 hane
1006 2394 1139 2438 politici
1163 2401 1196 2427 et

229 2446 350 2479 solaris
374 2446 456 2477 anni
482 2447 649 2478 rationem
675 2447 718 2478 de
743 2445 889 2478 consilio
916 2444 1093 2487 Sosigenis
1114 2444 1190 2477 Ma-

230 2495 406 2530 thematici
432 2496 598 2533 institnit,
634 2507 736 2539 quem
759 2507 797 2527 ex
814 2495 1026 2528 Alexandria
1045 2494 1194 2530 Romam

228 2547 380 2579 duxerat.
432 2544 519 2577 Nam
536 2545 571 2576 in
592 2545 745 2588 imperiis
759 2551 885 2578 certam
899 2557 1072 2578 annorum
1088 2544 1195 2578 ratio-

229 2608 308 2630 nem
325 2607 396 2629 esse
414 2601 552 2638 propter
574 2595 699 2627 multas
722 2607 863 2637 magnas
888 2607 1027 2635 causas,
1055 2595 1195 2636 iudicia,

230 2653 425 2679 contractus
441 2672 449 2683 ,
470 2643 652 2682 historias,
678 2646 909 2678 necessarium
927 2653 988 2682 est.

437 111 642 151 SCRIPTA
671 109 745 146 ΡΠ.
772 107 886 145 MEL.
912 106 978 143 AD
1005 108 1131 145 HlST.
1157 107 1301 146 PROF.
1325 106 1392 144 ET
1419 105 1606 145 PHILOS.
1632 105 1949 146 SPECTANTIA.

2115 110 2189 147 896

1323 192 1470 236 Semper
1483 199 1598 226 autem
1615 193 1719 228 etiam
1734 194 1926 228 mediocres
1943 196 2194 238 gubernatores

1223 245 1261 277 in
1278 242 1412 285 magnis
1427 243 1591 286 periculis
1606 251 1697 278 sunt.
1751 243 1890 278 Cassius
1907 245 2012 287 igitur
2027 258 2104 279 cum
2121 257 2196 278 non

1225 293 1431 327 obtinuisset
1448 292 1651 326 Praeturam
1666 294 1855 335 urbanam,
1882 306 1986 340 quam
2003 296 2197 339 appetebat,

1225 351 1259 378 et
1289 343 1422 388 alioqui
1442 341 1623 376 Caesarem
1653 344 1800 385 odisset,
1834 346 1969 389 primus
2002 345 2067 378 fuit
2096 351 2198 378 autor

1227 393 1364 428 consilii
1383 394 1426 426 de
1449 392 1689 426 interficiendo
1707 392 1872 435 Caesare,
1904 402 1936 429 et
1961 402 2033 429 arte
2050 394 2199 427 Brutum

1227 445 1270 477 ad
1296 443 1494 477 societatem
1520 441 1626 476 huius
1653 444 1792 476 consilii
1818 446 1996 488 pertraxit.
2062 444 2199 478 Deinde

1228 494 1330 527 Bruti
1355 493 1523 527 autoritas
1546 500 1697 527 caeteros
1718 494 1891 528 adiunxit.
1957 495 2059 528 Facta
2093 495 2200 537 igitur

1229 555 1353 578 arcana
1371 543 1630 587 conspiratione
1649 543 1769 577 Idibus
1779 543 1919 578 Martiis
1929 541 2051 577 Iulius
2062 540 2202 578 Caesar

1230 595 1267 628 in
1299 594 1395 627 curia
1419 593 1580 638 Pompeii
1612 606 1630 627 a
1654 593 1774 628 Cassio
1804 601 1836 627 et
1858 593 1969 628 Bruto
1998 601 2033 628 et
2061 594 2203 627 caeteris

1231 643 1335 678 huius
1367 644 1505 677 consilii
1537 644 1683 677 consciis
1714 644 1916 678 interfectus
1949 650 2015 686 est,
2056 642 2204 688 acceptis

1232 695 1357 739 viginti
1378 694 1492 728 tribus
1509 695 1727 729 vulneribus.

1333 743 1401 777 Hic
1427 746 1537 778 exitus
1557 745 1645 778 tanti
1669 744 1736 777 viri
1762 745 1855 778 inter
1878 745 2028 788 insignia
2050 744 2206 788 exempla

1233 802 1300 835 est,
1324 807 1397 828 non
1413 795 1525 827 solum
1552 795 1789 829 instabilitatis
1812 795 1991 835 fortunae,
2018 796 2077 828 sed
2103 795 2207 827 etiam

1234 845 1498 888 ingratitudinis
1523 843 1697 879 humanae
1721 852 1754 879 et
1778 845 1951 889 perfidiae.
2011 845 2104 888 Quia
2126 844 2208 888 plu-

1234 895 1316 928 rimi
1333 895 1571 928 interfectores
1588 908 1607 928 a
1624 895 1714 929 Iulio
1733 907 1804 929 non
1827 896 1940 929 solum
1966 895 2113 936 servati,
2148 894 2208 927 sed

1235 946 1338 978 etiam
1356 943 1550 978 honoribus
1568 953 1599 979 et
1615 946 1767 990 potentia
1792 947 1908 979 ornati
1931 947 2084 979 fuerunt.
2137 943 2210 978 Nee

1237 1007 1276 1027 eo
1293 996 1429 1028 sublato
1445 1007 1510 1038 pax
1525 1007 1596 1028 esse
1611 996 1744 1040 potuit,
1769 994 1963 1029 etsiCicero
1982 1002 2015 1029 et
2031 995 2089 1027 alii
2101 993 2211 1028 Sena-

1237 1052 1327 1077 tores
1348 1056 1465 1087 pacem
1482 1046 1592 1077 facere
1608 1046 1722 1078 conati
1738 1052 1830 1080 sunt.
1882 1044 1934 1079 Ac
1951 1045 2067 1078 statim
2084 1044 2212 1088 postri-

1238 1094 1294 1126 die
1313 1094 1348 1125 in
1366 1094 1497 1126 Senatu
1522 1094 1651 1127 factum
1679 1101 1729 1128 est
1751 1096 1928 1127 decretum
1950 1096 1993 1127 de
2014 1091 2210 1138 ἀμνηστίᾳ,

1239 1144 1272 1176 id
1293 1150 1362 1183 est,
1389 1149 1427 1176 ut
1445 1144 1604 1176 omnium
1623 1144 1780 1188 priorum
1797 1144 2033 1177 offensionum
2049 1151 2081 1177 et
2099 1144 2214 1176 caedis

1239 1193 1371 1226 oblivio
1388 1199 1485 1232 esset,
1512 1200 1544 1226 et
1561 1193 1910 1238 sormaReipublicae
1927 1206 1999 1227 non
2010 1200 2214 1233 mutaretur,

1240 1255 1303 1276 nec
1321 1254 1411 1275 nova
1432 1243 1522 1276 bella
1539 1250 1777 1278 moverentur.

1342 1292 1458 1336 Quam
1483 1294 1598 1327 brevis
1623 1295 1728 1328 fuerit
1752 1295 1947 1328 dominatio
1963 1293 2120 1328 Caesaris
2140 1300 2216 1337 post

1241 1343 1393 1376 reditum
1412 1356 1449 1376 ex
1468 1342 1637 1388 Hispania
1650 1369 1658 1382 ‚
1688 1345 1816 1388 pacatis
1831 1345 1996 1378 omnibus
2014 1344 2216 1388 provinciis,

1242 1393 1389 1435 intelligi
1407 1400 1517 1436 potest
1540 1406 1579 1426 ex
1602 1401 1796 1438 temporum
1814 1395 1912 1430 serie.
1965 1394 2088 1428 Mense
2104 1391 2215 1427 Octo-

1242 1443 1297 1476 bri
1320 1442 1470 1477 Romam
1495 1456 1653 1477 reversus
1679 1446 1837 1489 proximo
1861 1444 1992 1479 Martio
2016 1444 2216 1478 interfectus

1242 1501 1309 1531 est,
1350 1505 1443 1525 anno
1465 1495 1585 1527 aetatis
1609 1502 1703 1527 sexto
1729 1502 1761 1528 et
1781 1495 2089 1540 quinquagesimo,
2123 1506 2216 1527 anno

1242 1543 1327 1576 belli
1347 1544 1459 1575 civilis
1477 1556 1494 1577 a
1513 1545 1592 1586 fuga
1611 1543 1769 1589 Pompeii
1792 1558 1831 1578 ex
1856 1545 1954 1579 ltalia
1978 1552 2086 1578 sexto.
2146 1544 2215 1578 Nec

1243 1595 1394 1626 intexam
1411 1593 1684 1636 disputationem
1705 1596 1747 1627 de
1765 1595 1852 1628 iure.
1905 1594 1981 1628 Etsi
2004 1595 2083 1627 fecit
2110 1607 2216 1639 quae-

1244 1645 1324 1675 dam
1358 1643 1583 1684 insolentius,
1624 1651 1738 1677 tamen
1770 1645 1880 1678 multo
1910 1644 2124 1678 moderatior
2152 1645 2218 1678 fuit

1243 1692 1338 1737 Sylla
1356 1699 1388 1724 et
1408 1692 1523 1724 Mario
1541 1700 1571 1726 et
1592 1694 1686 1733 aliis,
1713 1694 1774 1737 qni
1791 1701 1891 1727 antea
1908 1694 1944 1726 in
1963 1694 2124 1727 civilibus
2144 1695 2217 1727 bel-

1244 1743 1286 1774 lis
1311 1740 1579 1783 Rempnblicam
1603 1750 1863 1786 oppresserunt.
1923 1741 1969 1776 Et
1996 1756 2073 1777 cum
2098 1756 2218 1778 revera

1217 1825 1220 1835 Δ
1246 1791 1355 1823 Iulius
1371 1788 1628 1834 ssIagislralus
1653 1800 1739 1826 esset
1763 1794 1901 1827 decreto
1926 1794 2067 1837 publico
2091 1796 2218 1828 confir-

1245 1847 1376 1880 matus,
1416 1853 1485 1885 qno
1511 1842 1539 1873 ei
1566 1842 1696 1876 tributa
1724 1850 1795 1877 erat
1820 1855 1953 1876 summa
1979 1851 2146 1888 potestas,
2186 1853 2219 1880 et

1245 1904 1314 1935 quo
1332 1898 1491 1925 sanxerat
1507 1890 1657 1925 Senatus
1681 1905 1759 1926 eum
1781 1894 2020 1927 inviolabilem
2043 1906 2131 1935 esse,
2164 1896 2219 1928 in-

1246 1942 1374 1974 iustum
1392 1941 1456 1975 fuit
1476 1954 1553 1974 eum
1573 1942 1776 1977 interficere.
1829 1943 1880 1977 De
1897 1944 1998 1978 initio
2016 1945 2098 1978 belli
2116 1946 2219 1979 etiam

1246 1992 1384 2029 iudic0,
1419 2004 1497 2024 eum
1523 1992 1558 2024 in
1585 2005 1664 2026 casu
1689 1993 1862 2037 legitimae
1886 1995 2099 2028 defensionis
2124 2008 2219 2030 arma

1246 2042 1385 2085 cepisse.
1439 2041 1507 2075 Sed
1524 2042 1671 2076 sciamus
1687 2056 1740 2077 res
1758 2042 1927 2077 humanas
1942 2046 2135 2090 quamlibet
2152 2047 2219 2079 sso-

1247 2100 1378 2132 rentes‚
1405 2091 1555 2124 sacilime
1575 2095 1680 2126 everti
1699 2095 1877 2128 deserente
1894 2094 1987 2133 Deo,
2022 2097 2110 2129 sicut
2134 2097 2218 2129 scri-

1247 2149 1344 2186 ptum
1362 2148 1426 2175 est:
1456 2141 1535 2175 Scio
1548 2142 1709 2184 Domine,
1737 2157 1809 2178 non
1826 2152 1876 2179 est
1893 2143 2045 2179 hominis
2064 2146 2116 2179 via
2134 2146 2218 2187 eius,

1247 2199 1311 2225 etc.
1373 2190 1419 2225 Et
1451 2193 1713 2227 meminerimus
1744 2195 1875 2228 dictum
1894 2195 2063 2229 Herodoti
2086 2197 2122 2228 in
2148 2195 2217 2229 Po-

1247 2243 1397 2288 lymnia:
1448 2241 1590 2287 θνητὸν
1618 2242 1752 2279 οὐδένα
1785 2243 1896 2287 εἶναι,
1945 2244 2029 2279 οὐδ’
2054 2244 2216 2287 ἔσεσθαι,

1246 2295 1299 2337 τῷ
1315 2290 1431 2327 κακὸν
1447 2293 1483 2332 ἐξ
1497 2292 1610 2338 ἀρχῆς
1624 2294 1808 2342 γινο,ιιένῳ
1823 2295 1866 2330 οὐ
1884 2293 2107 2340 συνεμίχθηε
2147 2299 2218 2335 τοῖς

1247 2341 1286 2377 δὲ
1303 2341 1489 2390 Διιεγίσῑοις
1502 2342 1668 2391 μέγιστα.

1350 2394 1533 2427 Interfecto
1571 2393 1662 2427 lulio
1699 2408 1759 2438 pax
1805 2395 1945 2428 retineri
1986 2407 2056 2428 non
2095 2398 2218 2439 potnit.

1247 2444 1396 2478 Senatus
1412 2445 1454 2476 ad
1475 2444 1736 2488 reprimendum
1757 2443 1952 2479 Antonium
1969 2446 2128 2480 adi-unxit
2153 2448 2219 2481 sibi

1247 2492 1435 2527 Octavium
1470 2493 1662 2528 Caesarem.
1731 2494 1852 2528 Postea
1887 2507 1922 2529 se
1959 2496 2218 2531 coniunxerunt

1247 2543 1417 2578 Octavius
1444 2543 1586 2583 Caesar,
1627 2543 1805 2578 Antonius
1828 2552 1860 2579 et
1885 2545 2058 2588 Lepidus,
2098 2559 2217 2581 mense

1246 2593 1431 2628 Decembri
1457 2595 1610 2627 eiusdem
1638 2595 1742 2633 anni,
1782 2608 1851 2640 quo
1880 2595 1988 2629 lulius
2016 2597 2217 2631 interfectus

1246 2645 1321 2678 fuit.
1375 2643 1511 2678 Horum
1528 2643 1788 2679 Triumviratus
1805 2647 1929 2690 plenus
1945 2647 2012 2680 fuit
2032 2648 2217 2681 crudelita-
