2324 2955
169 105 215 138 39

172 190 307 228 nomia,
343 195 374 222 ct
401 189 605 231 gubernatio
630 188 771 231 politica
801 188 996 223 reserantur
1017 191 1059 223 ad
1088 188 1154 223 hoc
1177 198 1180 211 ¹

172 251 347 272 summum
361 241 513 278 bonum,
542 238 722 278 videlicet,
747 239 789 271 ad
809 239 901 283 piam
916 238 1152 273 Ecclesiarum
1177 278 1179 286 ‚

173 290 468 323 constitutionem.

276 340 395 373 Iledeo
421 345 534 370 autern
563 339 604 370 ad
632 351 709 370 eum
737 341 903 384 gradum,
930 353 1031 385 quem
1051 341 1152 373 iuitio
1178 362 1179 386 3

418 388 482 420 Dei
508 388 674 421 beneficio
697 398 832 423 montes
856 392 897 423 ad
917 392 1025 423 basim
1045 392 1154 424 trian-
1178 387 1180 412 ἶ

175 441 264 482 guli,
293 440 425 483 aliquot
447 439 644 471 miliaribus
665 452 768 472 venas
791 438 939 480 habent,
974 442 1154 484 gignentes
1179 461 1180 478 2

175 391 365 423 nominavi.

174 502 250 522 cum
279 490 345 522 alia
379 490 517 522 metalla
554 490 703 530 serrum,
739 491 942 534 plumbum,
977 499 1154 529 stannum,

175 547 247 572 tum
273 553 353 572 vero
380 540 569 583 plurimum
599 541 744 583 argenti.

174 598 316 623 naturae
334 591 517 628 miracula,
552 591 752 635 ubicunque
771 598 853 624 suut
877 605 985 625 venae
1006 593 1155 625 ntetallin

174 653 250 680 cae,
285 649 316 673 et
335 641 408 673 siue
425 652 548 683 magua
567 641 730 673 varietate
748 642 894 680 artium,
923 650 956 676 et
975 642 1154 675 niachina-
1179 669 1180 673 ,

175 704 251 723 rum
272 703 309 723 ex
327 698 415 723 terra
434 691 507 722 erui
527 697 558 722 et
576 692 738 735 percoqui
758 704 827 724 non
844 701 999 735 possunt.
1037 693 1154 735 Quare

174 742 271 774 facile
290 742 437 783 intelligi
455 748 582 784 potest,
613 743 739 774 multos
757 742 850 774 iniis
868 743 951 775 locis
968 755 1038 776 esse
1058 744 1153 786 inge-

173 793 288 825 niosos
306 792 469 831 artifices,
499 792 624 824 multos
643 793 744 825 etiam
765 793 823 837 qui
848 800 972 836 regunt
990 794 1152 837 opificum

172 854 311 882 manus,
347 842 545 884 cognitione
576 840 823 875 Aritlunetices
856 851 888 877 et
922 844 1142 878 Geometriae

1146 872 1154 884 5

172 894 299 925 mUllOS
327 893 407 924 llc'iss
435 892 495 936 (llll
523 899 682 924 sssilllt‘sssss
706 905 820 926 ΓΟΙΊΠΠ
846 894 881 925 lll
902 901 992 927 [erra
1009 907 1153 927 HHSCCH-
1178 905 1179 910 ¹

172 944 256 975 tium
278 943 464 985 diligenter
481 943 782 985 contemplantur,
810 951 848 977 ut
862 956 916 978 eas
935 947 976 977 ad
995 958 1096 978 usum
1117 946 1151 977 iu

169 994 400 1026 medicatione
419 994 640 1027 transferant.

269 1042 428 1076 Fuerunt
452 1044 487 1075 in
508 1043 716 1076 Macedonia
734 1056 841 1076 venae
858 1046 1028 1083 celebres,
1057 1046 1092 1077 iu
1113 1058 1151 1078 eo

170 1095 243 1126 loco
269 1094 328 1126 uhi
353 1095 436 1126 urbs
459 1094 522 1126 suit
539 1091 713 1137 Philippi,
749 1094 832 1126 olim
859 1103 1056 1139 nuncupata
1082 1095 1152 1128 Da-

168 1142 266 1182 thos,
295 1144 376 1177 item
401 1143 544 1177 Crenae.
607 1143 741 1176 llarum
769 1157 936 1178 venarum
963 1154 1152 1189 proventus

169 1207 307 1227 annuus
324 1196 388 1228 fuit
405 1195 512 1226 sexies
530 1203 668 1229 centnm
687 1195 797 1227 millia
818 1204 1088 1237 coronatorum,
1115 1204 1151 1229 ut

169 1253 288 1278 nostro
322 1257 418 1277 more
457 1246 592 1289 loquar.
660 1245 781 1278 Fuisse
817 1253 932 1279 autem
960 1248 1151 1292 aliquando

167 1296 348 1328 uberiores
384 1307 488 1328 venas
527 1295 773 1338 Fribergenses
810 1303 842 1329 et
877 1296 1152 1341 SnebergenseS,

167 1346 348 1378 manifesta
372 1346 570 1378 testimonia
599 1352 725 1380 extant.

270 1395 338 1428 lam
357 1393 413 1428 hic
432 1396 619 1428 dicendum
638 1402 724 1428 esset
739 1396 781 1427 de
799 1397 909 1428 causis
926 1398 1149 1428 metallorum

166 1453 197 1479 et
226 1445 450 1489 generatione
477 1446 651 1478 variarum
677 1445 888 1487 specierum,
915 1452 948 1478 et
965 1446 1007 1477 de
1027 1452 1149 1478 natura

166 1494 392 1542 hydrargyri,
419 1496 513 1540 quod
536 1495 648 1528 sentio
670 1495 882 1537 singularem
900 1495 1048 1539 speciem
1068 1507 1151 1535 esse,

163 1560 180 1580 a
202 1546 274 1579 Deo
294 1547 340 1578 sic
365 1546 562 1584 conditam,
590 1552 627 1578 nt
651 1545 695 1577 sit
715 1545 937 1578 metallorum
955 1557 1090 1586 semen,
1119 1553 1151 1579 et

163 1595 373 1630 hallucinari
391 1608 466 1636 eos,
497 1596 556 1640 qui
575 1608 646 1627 non
664 1603 754 1629 certa
771 1596 861 1638 lege,
887 1597 945 1629 sed
966 1608 1044 1629 casu
1066 1610 1149 1629 cou-

165 1648 270 1680 ssuere
300 1647 395 1679 illam
420 1658 567 1678 massam
597 1645 814 1684 existimant,
849 1653 887 1679 ut
913 1647 1061 1679 fulmina
1090 1659 1149 1679 seu

164 1698 231 1730 alia
259 1698 364 1730 mixta
390 1697 604 1740 imperfecta.

164 1749 387 1781 metallorum
405 1747 557 1790 origine,
584 1747 821 1789 generatione,
846 1748 1022 1786 coctione,
1047 1748 1151 1780 diffe-

165 1799 306 1838 rentiis,
342 1810 385 1830 ne
411 1798 553 1843 quidem
586 1797 720 1840 magnis
749 1798 991 1831 voluminibus
1025 1800 1177 1841 exponi,

166 1856 294 1892 potest,
319 1856 350 1882 et
367 1849 474 1891 gratia
488 1846 646 1881 habenda
665 1855 714 1881 est
730 1848 805 1880 viro
823 1849 1025 1882 doctissimo
1038 1848 1151 1882 Geor-

166 1900 221 1942 gio
249 1898 449 1942 Agricolae,
484 1899 582 1932 cuius
607 1905 725 1932 extant
751 1899 833 1932 libri
858 1900 900 1932 de
922 1900 1073 1933 metallis
1093 1913 1151 1933 co-

167 1951 262 1994 piose
280 1950 420 1993 scripti,
447 1950 575 1994 quibus
592 1956 623 1982 et
642 1949 788 1992 patriam
807 1957 928 1988 ornat,
960 1958 991 1984 et
1009 1951 1152 1983 univer-

167 2012 238 2033 sam
266 2001 502 2044 posteritatem
531 2001 573 2032 de
601 1997 655 2032 his
676 1999 845 2032 mirandis
870 2007 1015 2034 naturae
1035 2002 1151 2044 operi-

165 2052 249 2091 bus,
284 2051 328 2084 ita
355 2052 470 2091 docet,
506 2057 546 2083 ut
571 2050 608 2082 in
632 2047 698 2083 hoc
725 2061 850 2093 genere
875 2057 945 2084 tam
975 2052 1151 2085 luculenta

169 2102 293 2145 scripta
317 2102 412 2134 nulla
433 2101 537 2134 fuisse
554 2100 758 2135 existimem.

270 2151 420 2196 Reliqua
439 2151 555 2196 lMysia
573 2163 651 2184 cum
670 2152 851 2194 paululum
878 2164 995 2185 versus
1014 2159 1151 2196 septen-

167 2203 317 2236 trionem
338 2203 597 2245 progredimur,
631 2208 702 2235 tota
720 2202 812 2235 ferax
835 2209 883 2235 est
903 2203 1006 2235 tritici
1026 2210 1059 2236 et
1075 2204 1151 2248 oly-

167 2266 224 2286 rae
250 2260 281 2286 et
308 2253 457 2285 aliorum
481 2253 759 2292 frumentorum,
795 2259 827 2285 et
853 2253 888 2284 in
918 2254 1036 2286 multis
1066 2255 1152 2287 locis

167 2303 278 2347 gignit
303 2303 425 2335 vinum
451 2309 484 2335 et
507 2315 658 2336 crocum.
717 2301 780 2336 Est
804 2310 837 2336 et
861 2304 1024 2337 distincta
1049 2306 1151 2347 agris,

168 2354 293 2399 pratis,
336 2353 561 2392 fluminibus,
599 2354 723 2397 sylvis,
765 2365 803 2387 ac
837 2366 954 2387 rerum
987 2368 1075 2399 quae
1107 2358 1149 2389 ad

169 2405 297 2438 victum
333 2401 469 2437 homini
503 2403 768 2437 convenientem
809 2405 1020 2438 necessariae
1055 2414 1151 2447 sunt,

167 2456 265 2499 copia
290 2461 384 2488 tanta
416 2462 484 2495 est,
516 2461 555 2487 ut
579 2454 681 2487 etiam
711 2455 865 2489 delectus
893 2463 926 2489 et
957 2457 1151 2489 mundicies

166 2506 297 2540 servari
324 2506 445 2548 possit.
507 2504 601 2537 Ilaec
634 2505 677 2537 de
709 2511 819 2539 terrae
846 2513 969 2540 natura
995 2508 1149 2551 primum

165 2557 456 2596 commemoravi,
490 2563 527 2589 ut
553 2555 640 2598 grati
668 2567 812 2590 munera
837 2557 957 2591 divina
983 2569 1150 2601 agnosca—
1175 2569 1177 2571 ’

165 2620 259 2646 mus,
287 2614 320 2641 et
339 2607 528 2650 cogitemus
550 2606 625 2638 sine
642 2603 724 2645 hac,
751 2614 790 2640 ut
808 2608 854 2641 ita
873 2608 1006 2650 dicam,
1034 2610 1149 2643 nutri—

167 2659 318 2698 catione,
348 2665 480 2691 caetera
499 2659 589 2691 bona
610 2654 732 2690 haberi
750 2669 821 2691 non
840 2660 1003 2703 potuisse.

901 103 1059 139 DECL.
1109 104 1180 139 DE
1216 104 1439 140 MtSNtA.

804 541 916 574 Multa
935 549 1014 575 sunt
1040 549 1152 575 autem

667 1696 734 1729 Sed
760 1703 830 1730 tota
852 1694 1081 1741 Philosophia
1108 1699 1150 1730 de
1175 1714 1177 1730 ι

2133 108 2182 143 40

1307 188 1394 223 Cum
1418 189 1524 231 igitur
1547 196 1636 223 terra
1661 191 1831 223 foecunda
1857 191 1916 229 sit,
1951 197 1984 224 et
2009 192 2186 227 frumento

1206 246 1237 271 et
1264 240 1412 272 metallis
1443 239 1618 278 abundet,
1653 253 1776 283 magna
1801 248 1851 274 est
1872 241 1909 273 in
1931 253 1968 273 ea
1994 243 2184 276 multitudo

1177 314 1179 320 ,
1206 288 1407 329 hominum,
1440 289 1544 322 urbes
1577 291 1725 331 multae,
1760 292 1847 324 aliae
1877 291 1954 324 aliis
1979 293 2126 326 maiores
2156 302 2187 327 et

1206 341 1418 378 ornatiores,
1447 351 1540 372 arces
1559 346 1590 373 et
1610 342 1686 383 pagi
1713 342 1868 384 plurimi.
1923 340 2105 384 Elegantia
2128 357 2186 376 ve-

1207 403 1243 423 ro
1279 390 1516 422 aedificiorum
1549 396 1661 430 tanta,
1695 398 1733 424 ut
1764 393 1944 436 plerasque
1976 392 2187 427 Germaniae

1207 448 1319 484 partes
1344 439 1406 472 hac
1430 441 1531 473 laude
1555 448 1704 484 superet.
1760 441 1833 475 Hoc
1851 445 1954 476 decus
1972 444 2098 476 multas
2117 445 2187 477 vir-

1179 516 1180 531 }
1207 498 1295 524 tutes
1317 491 1570 534 complectitur:
1607 504 1684 523 nam
1709 492 1768 524 uhi
1793 505 1873 525 cura
1892 500 1942 526 est
1960 501 2050 527 recte
2069 496 2188 527 aedifi-

1207 542 1307 574 caudi
1321 569 1328 581 ,
1355 541 1400 573 ibi
1420 553 1554 574 necesse
1575 549 1672 575 estet
1690 543 1877 575 multarum
1895 544 2022 577 artium
2041 545 2187 578 artifices

1179 617 1180 623 ,
1207 604 1295 632 esse,
1329 599 1361 624 et
1384 598 1524 624 naturas
1551 590 1733 625 hominum
1761 594 1902 628 dociles.
1961 594 2096 627 Deinde
2128 608 2188 639 per

1206 654 1278 675 sese
1297 643 1408 675 virtus
1426 649 1476 675 est
1493 643 1686 685 intelligere
1706 651 1736 676 et
1754 656 1869 676 amare
1888 644 2047 677 ordinem.
2068 652 2101 678 et
2118 646 2187 678 ele-

1207 693 1360 735 gantiam
1383 693 1419 724 in
1445 693 1671 727 aedificando.
1731 693 1809 726 Nou
1835 695 1926 726 euim
1952 695 2017 726 iam
2043 696 2084 727 de
2104 696 2187 729 luxu

1178 775 1179 791 χ
1206 750 1264 776 aut
1289 743 1476 775 immodico
1507 744 1692 787 splendore
1718 744 1861 789 loquor,
1892 745 1952 789 qui
1979 757 2050 777 non
2077 754 2189 789 potest

1178 793 1179 834 J
1205 805 1276 826 esse
1294 794 1504 834 multorum,
1530 795 1590 827 sed
1610 796 1652 827 de
1671 796 1851 827 communi
1870 796 2098 829 mediocrium
2124 795 2188 830 ho-

1206 844 1340 877 miuum
1367 845 1638 883 consuetudine,
1672 845 1731 889 qui
1753 845 1787 877 in
1812 846 1976 879 omnibus
1993 847 2132 890 oppidis
2151 848 2188 880 in

1207 893 1269 927 hac
1304 895 1444 936 regione
1480 895 1557 937 plus
1586 893 1755 928 adhibent
1783 896 1864 928 artis
1893 896 1929 927 in
1956 897 2187 937 aedificando,

1178 965 1179 978 ι
1205 958 1308 989 quatu
1326 945 1360 977 in
1379 946 1572 989 plaerisque
1589 946 1665 978 aliis
1680 945 1894 978 Germaniae
1912 947 2081 990 partibus.
2124 947 2188 981 Est

1177 1003 1179 1017 ¹
1205 1002 1319 1027 autem
1338 996 1473 1028 iusticia
1497 997 1667 1040 quaedam
1692 997 1884 1029 valetudini
1908 998 2054 1036 servire,
2083 1010 2187 1042 quam

1177 1055 1179 1087 ζ
1205 1046 1248 1077 ad
1271 1057 1341 1077 rem
1368 1057 1454 1088 opus
1479 1053 1528 1079 est
1549 1046 1711 1080 distincta
1733 1058 1802 1079 esse
1819 1044 2017 1080 habitacula
2038 1060 2188 1092 puerpe-

1204 1108 1341 1135 rarum,
1379 1103 1623 1139 aegrotorum‚
1657 1098 1780 1130 turbae
1799 1098 2025 1136 domesticae,
2061 1099 2187 1132 deinde

1177 1152 1178 1183 1
1204 1147 1391 1189 prudentia
1412 1154 1461 1180 est
1486 1147 1700 1189 distinguere
1718 1148 1792 1181 loca
1811 1149 2044 1192 suppellectili
2064 1156 2095 1182 et
2111 1162 2188 1182 cae-

1205 1197 1285 1229 teris
1314 1197 1428 1232 rebus.
1487 1196 1567 1230 Non
1596 1199 1631 1230 in
1657 1199 1778 1231 iisdem
1806 1196 2032 1240 habitaculis,
2069 1200 2188 1243 panni,

1205 1254 1332 1287 vestes,
1358 1248 1593 1288 frumentum,
1626 1249 1707 1281 vina
1732 1250 1863 1281 servari
1886 1257 2048 1293 possunt,
2076 1257 2135 1283 aut
2160 1250 2187 1282 si

1203 1297 1281 1342 quis
1308 1298 1483 1332 nauticam
1514 1298 1622 1331 vitam
1646 1299 1788 1340 probat,
1825 1306 1884 1330 aut
1910 1300 2187 1333 Amaxobiorum

1176 1355 1177 1386 t
1203 1349 1504 1388 consuetudinem,
1533 1348 1593 1392 qui
1606 1354 1710 1380 totam
1729 1359 1799 1379 rem
1812 1348 2019 1380 familiarem
2037 1349 2073 1381 in
2089 1350 2188 1393 plau-

1202 1398 1281 1427 stris
1300 1396 1450 1434 vehunt‚
1485 1398 1548 1427 ubi
1565 1395 1735 1437 distingui
1754 1406 1825 1427 non
1846 1406 2014 1438 possunt,
2041 1400 2187 1437 stabula,

1203 1446 1315 1484 focus,
1338 1445 1517 1484 cubicula,
1548 1444 1575 1475 is
1593 1443 1718 1489 Gryllo
1736 1444 1860 1477 similis
1883 1452 1948 1485 est,
1975 1447 2035 1490 qui
2054 1459 2071 1479 a
2088 1446 2188 1481 Circe

1203 1495 1238 1526 iu
1271 1506 1415 1538 porcum
1450 1501 1620 1534 mutatus,
1662 1495 1813 1538 recipere
1849 1493 2004 1529 hominis
2042 1498 2187 1540 figuram

1202 1545 1328 1579 noluit.

1303 1595 1422 1628 Tertia
1439 1607 1517 1638 pars
1534 1595 1704 1627 orationis
1722 1602 1771 1628 est
1786 1596 1828 1628 de
1855 1596 2008 1637 naturis,
2037 1597 2188 1640 ingeniis

1202 1654 1234 1679 ct
1258 1646 1415 1678 moribus
1441 1643 1643 1685 hominum,
1680 1643 1764 1678 haec
1785 1647 1877 1678 enim
1898 1647 2082 1690 praecipue
2103 1661 2187 1682 con-

1202 1697 1388 1729 sideranda
1416 1703 1512 1736 sunt,
1550 1696 1639 1729 sicut
1671 1703 1704 1729 et
1727 1695 1903 1729 Homerus
1931 1698 2089 1740 monuit,
2126 1700 2187 1744 qui

1175 1746 1177 1779 t
1205 1746 1363 1793 Ulyssem
1381 1747 1429 1780 ait
1444 1759 1515 1779 non
1533 1753 1668 1780 tantum
1688 1748 1792 1780 urbes
1811 1748 1937 1780 multas
1955 1748 2100 1789 vidisse,
2127 1751 2185 1783 sed

1203 1798 1305 1830 etiam
1326 1798 1454 1830 iudicia
1473 1804 1506 1830 et
1528 1809 1641 1830 mores
1667 1799 1880 1840 cognovisse.
1920 1797 2073 1833 Prosunt
2092 1800 2186 1832 enim

1203 1849 1358 1892 exempla
1383 1849 1425 1881 ad
1453 1849 1823 1881 commonefactionem
1849 1850 1892 1881 de
1910 1850 2031 1882 multis
2052 1851 2188 1893 maguis

1203 1900 1317 1932 rebus.
1379 1898 1529 1941 Figurae
1560 1911 1747 1942 corporum
1782 1911 1855 1931 non
1883 1900 2075 1939 deformes,
2114 1914 2186 1934 non

1191 1947 1369 1982 -horridae
1387 1957 1485 1988 sunt,
1513 1957 1545 1982 et
1563 1949 1701 1992 ingenia
1719 1957 1800 1983 sunt
1815 1951 1857 1983 ad
1875 1951 2116 1994 disciplinam,
2142 1953 2185 1984 ad

1204 2001 1368 2033 virtutem
1397 2001 1439 2032 ad
1466 2000 1662 2040 doctrinas,
1694 2007 1727 2034 et
1743 2002 1785 2033 ad
1811 2001 1896 2033 alias
1914 1998 2077 2034 honestas
2095 2009 2187 2035 artes

1205 2051 1341 2084 idonea.
1401 2050 1586 2084 Summum
1611 2058 1725 2084 autem
1749 2052 1881 2084 bonum
1906 2052 2009 2085 estin
2025 2053 2188 2086 societate

1205 2099 1408 2142 hominum,
1443 2113 1522 2134 vera
1551 2100 1614 2134 Dei
1639 2101 1794 2144 agnitio,
1827 2114 1915 2146 quae
1936 2103 2029 2135 utin
2049 2100 2111 2135 hac
2130 2115 2187 2135 re-

1204 2153 1306 2195 gione
1326 2153 1456 2192 luceat,
1484 2151 1549 2184 Dei
1568 2152 1737 2185 beneficio
1754 2151 1929 2186 Ecclesiae
1947 2159 2037 2185 recte
2057 2153 2186 2186 consti—

1205 2210 1299 2236 tutae
1325 2210 1424 2244 sunt‚
1453 2210 1485 2236 et
1509 2209 1635 2235 sonant
1660 2201 1844 2246 Evangelii
1867 2214 1987 2235 vocem
2011 2203 2087 2236 sine
2109 2216 2187 2237 cor-

1204 2254 1351 2298 ruptelis
1367 2260 1398 2287 et
1415 2254 1489 2287 sine
1505 2253 1660 2286 dissidiis
1672 2281 1681 2294 ,
1706 2261 1739 2287 et
1757 2254 1793 2286 in
1809 2253 2051 2296 congressibus
2067 2254 2187 2298 publi—

1204 2305 1251 2338 cis
1276 2316 1400 2347 magna
1424 2304 1620 2349 frequentia
1647 2311 1695 2338 est
1714 2302 1898 2337 hominum
1923 2305 2078 2338 modeste
2101 2317 2186 2338 con-

1204 2356 1421 2388 venientium
1444 2356 1486 2388 ad
1511 2355 1699 2388 conciones
1727 2362 1759 2388 et
1790 2356 1833 2387 ad
1860 2367 2083 2390 communem
2107 2368 2188 2400 pre—

1203 2407 1389 2439 cationem.
2039 2436 2042 2439 i

1305 2455 1356 2490 Ac
1382 2457 1514 2501 ubique
1539 2457 1575 2489 in
1603 2456 1742 2500 oppidis
1759 2456 1944 2488 adiunctae
1965 2462 2046 2489 sunt
2062 2453 2185 2488 Eccle-

1176 2540 1177 2544 ,
1203 2508 1262 2540 siis
1278 2505 1417 2541 scholae
1442 2508 1641 2547 literarum,
1673 2507 1709 2539 in
1731 2507 1860 2550 quibus
1881 2506 2112 2539 adolescentia
2131 2507 2186 2539 di-

1203 2559 1265 2591 scit
1301 2570 1472 2591 summam
1499 2558 1678 2591 doctrinae
1702 2554 1943 2598 Christianae,
1976 2557 2122 2590 latinam
2153 2564 2188 2591 et

1202 2620 1360 2651 graecam
1386 2610 1561 2652 linguam,
1594 2615 1626 2641 et
1649 2608 1806 2641 iuniores
1826 2608 1971 2642 recitant
1992 2604 2187 2653 κατήχεσιν

1174 2661 1178 2699 2¹
1203 2660 1247 2692 ad
1264 2660 1424 2702 verbum,
1449 2667 1488 2693 ut
1503 2659 1689 2692 assuefiant
1704 2660 1747 2692 ad
1765 2659 1978 2703 agnitionem
1997 2665 2029 2692 et
2043 2659 2186 2692 iuvoca-
