2324 2955
196 131 243 166 43
932 123 1090 161 DECL.
1133 123 1206 159 DE
1240 123 1461 159 MlSNIA.
2158 126 2207 160 44

194 215 261 249 fuit
284 214 470 251 autoritas,
513 223 616 256 quam
644 220 864 254 nequaquam
890 211 1080 243 voluerunt
1107 220 1178 242 esse

195 265 369 299 infinitam
394 271 452 296 aut
473 261 710 307 tyrannicam,
738 261 796 293 sed
823 258 1077 294 honestissimis
1092 260 1178 302 legi-

194 318 259 350 bus
291 323 323 349 et
357 313 494 346 iudiciis
527 312 611 354 regi.
673 308 724 343 Ac
748 317 870 344 notum
899 319 948 346 est
974 310 1179 343 honestissi-

194 378 270 400 mos
288 374 469 398 consessus
492 374 563 395 esse
584 361 759 400 iudicum,
787 362 845 405 qui
865 374 902 394 ex
922 362 1046 394 ordine
1073 372 1175 404 eque-

195 417 276 453 stri,
312 421 344 447 et
380 425 419 446 ex
445 413 656 447 Ductoribus
687 411 830 452 delecti,
869 412 1059 456 quotannis
1091 422 1178 455 qua-

195 476 246 500 ter
268 465 310 498 ad
336 463 573 507 cognitionem
595 462 913 496 controversiarum
939 463 1045 496 totius
1072 461 1179 494 ditio-

194 518 248 550 nis
271 514 496 549 conveniunt.

296 565 437 608 Quanta
464 565 500 597 in
530 576 612 608 pace
646 570 679 597 et
707 564 744 595 in
778 562 879 595 bellis
903 562 1014 595 virtus
1042 561 1177 594 Princi-

195 629 278 662 pum
297 616 419 653 fuerit,
447 615 556 649 multa
569 616 770 648 ostendunt.
823 612 1024 645 Fridericus
1040 612 1100 656 qui
1118 609 1180 644 ha-

195 668 273 702 buit
295 668 491 699 admorsam
518 677 640 707 genam
665 664 812 708 patriam
840 663 997 696 defendit
1015 665 1180 695 adversus

196 716 391 754 Bohemos,
420 714 624 759 Adolplium
638 715 923 753 Nassaviensem,
948 710 1178 745 etAlbertum

196 768 431 803 Austriacum.
489 765 648 810 Cumque
674 777 692 797 a
716 762 926 798 Mareliione
952 762 1178 796 Brandebur-

196 819 292 862 gensi
311 824 429 861 captus
446 824 550 857 esset,
579 816 707 849 virtute
722 823 754 849 et
770 816 834 847 fide
852 814 1046 848 nobilitatis
1063 814 1100 846 in
1117 811 1181 846 hac

196 870 338 913 regione
363 869 528 900 liberatus
545 873 606 901 est.
654 864 822 899 Albertus
836 877 919 898 avus
938 864 1059 909 inclyti
1078 864 1181 897 Prin—

196 921 282 964 cipis
296 918 403 952 Ducis
418 916 590 950 Electoris
610 916 774 949 Mauricii
786 941 794 954 ‚
823 916 962 949 duobus
980 915 1180 958 potentissi-

196 971 261 1003 mis
285 976 316 1002 et
340 968 562 1001 ferocissimis
588 967 727 1010 regibus
752 968 933 1010 oppositus
961 973 1028 1004 est,
1054 965 1181 999 Carolo

198 1020 358 1054 Gibboso
378 1019 449 1061 regi
473 1017 612 1051 Gallico
642 1025 674 1051 et
692 1017 864 1050 Matthiae
882 1016 954 1059 regi
967 1015 1181 1055 Pannoniae,

196 1084 234 1105 ac
252 1072 357 1113 longo
375 1069 468 1101 bello
486 1067 610 1101 Gallos
624 1080 663 1101 ex
682 1067 848 1100 Flandria
866 1066 985 1105 eiecit,
1013 1072 1130 1109 postea
1149 1071 1183 1098 et

196 1119 370 1156 Mathiam
395 1119 530 1163 depulit
565 1119 608 1151 ab
637 1118 822 1151 obsidione
845 1117 944 1150 urbis
968 1114 1183 1156 Austriacae,

197 1173 252 1206 cui
272 1183 401 1204 nomen
428 1177 478 1203 est
500 1169 683 1213 Neapolis,
719 1175 750 1201 et
775 1166 838 1201 hac
863 1178 980 1212 pugna
1006 1178 1182 1210 repressus

197 1220 371 1262 Mathias,
405 1221 544 1264 longius
572 1220 608 1252 in
634 1219 863 1253 Germaniam
891 1230 963 1250 non
982 1229 1183 1261 progressus

196 1281 256 1307 est.
309 1272 470 1316 Cumque
482 1271 667 1304 Albertum
684 1269 874 1302 domestico
894 1269 984 1301 bello
1004 1268 1183 1311 implicare

196 1330 402 1360 conaretur,
430 1334 467 1354 ac
479 1322 628 1354 misisset
646 1321 680 1352 in
696 1318 786 1352 lianc
798 1320 962 1351 viciniam
980 1318 1182 1355 exercitum,

196 1375 326 1407 virtute
350 1371 485 1405 Alberti
513 1378 546 1404 et
567 1377 771 1413 agnatorum
798 1369 909 1412 patria
933 1368 1106 1401 foeliciter
1121 1369 1182 1401 de-

195 1426 291 1457 fensa
312 1430 380 1463 est,
410 1429 442 1455 et
457 1419 571 1454 hostes
590 1420 680 1464 pulsi
701 1426 733 1452 et
751 1419 910 1461 dissipati
929 1424 1030 1456 sunt,
1057 1422 1092 1449 et
1110 1427 1181 1448 non

196 1475 310 1508 solum
332 1471 415 1505 haec
440 1471 587 1510 vicinia,
622 1470 681 1502 sed
707 1469 811 1501 etiam
837 1468 971 1511 reliqua
991 1465 1181 1499 Germania

196 1536 323 1567 magno
353 1522 508 1566 periculo
539 1521 685 1553 liberata
718 1526 776 1553 est.
838 1518 989 1561 Fuitque
1017 1514 1184 1550 Albertus

197 1576 312 1621 quoad
345 1573 430 1605 vixit
462 1571 669 1615 praecipuus
698 1570 768 1602 dux
795 1570 832 1601 in
856 1566 922 1600 hoc
946 1568 1112 1611 imperio,
1151 1573 1185 1599 et

197 1626 344 1658 maxime
360 1623 571 1656 formidatus
586 1620 737 1654 externis
749 1619 904 1662 Regibus
915 1645 923 1658 ,
950 1625 981 1651 et
997 1618 1184 1651 turbulen-

197 1677 240 1710 tis
257 1674 501 1717 Principibus,
528 1672 618 1705 sicut
639 1668 793 1703 Achilles
816 1670 853 1701 in
876 1668 1011 1701 Graeco
1031 1667 1184 1701 exercitu

197 1727 402 1760 nominatur
420 1724 551 1756 vallum
568 1719 799 1755 Achivorum.

300 1776 444 1809 Possem
482 1773 593 1806 multa
632 1772 824 1815 sapienter,
861 1771 970 1810 iuste,
1007 1770 1185 1802 moderate

197 1830 285 1862 sacta
305 1826 509 1869 Principum
525 1822 631 1856 huius
646 1823 800 1855 familiae
823 1822 980 1855 recitare.
1033 1819 1102 1853 Sed
1121 1817 1185 1853 hae

198 1881 321 1912 breves
340 1874 689 1909 commemorationes
711 1886 783 1906 non
803 1871 933 1905 habent
950 1872 1068 1904 lumen
1082 1898 1090 1910 ‚
1117 1870 1186 1902 nisi

199 1931 353 1971 integrae
380 1934 578 1969 temporum
602 1922 768 1957 historiae
783 1931 885 1956 notae
904 1923 992 1960 sint,
1020 1928 1052 1955 ct
1071 1921 1185 1954 consi-

199 1982 360 2017 deretur,
389 1976 501 2021 qualis
525 1974 630 2008 fuerit
658 1975 694 2006 in
717 1974 800 2018 ipsis
818 1973 1044 2016 Principibus
1061 1979 1186 2006 natura

200 2038 233 2064 et
257 2036 422 2074 perpetua
445 2026 608 2059 voluntas
634 2036 712 2067 erga
739 2024 915 2068 Rempub.
968 2022 1046 2056 Hoc
1071 2029 1186 2056 tamen

200 2079 364 2115 affirmari
389 2083 519 2122 potest,
547 2073 611 2108 bos
631 2075 812 2118 Principes
840 2087 902 2118 pro
922 2073 1102 2107 excellenti
1126 2084 1186 2106 sua

201 2130 369 2175 sapientia
391 2128 501 2173 magis
526 2126 726 2159 adiunxisse
752 2137 786 2158 se
811 2126 853 2157 ad
878 2125 1126 2168 imperatores,
1154 2130 1188 2157 et

201 2181 385 2215 autoritate
410 2190 471 2211 sua
495 2183 527 2210 et
545 2177 672 2221 opibus
689 2176 797 2219 magis
814 2175 1009 2209 defendisse
1027 2186 1186 2207 commu—

202 2244 281 2265 nem
306 2229 518 2263 Germaniae
540 2228 706 2268 salutem,
733 2239 838 2271 quam
864 2227 1024 2259 fecerunt
1050 2224 1188 2259 caeteri.

202 2282 286 2316 Fuit
313 2280 419 2323 igitur
441 2278 628 2320 singularis
656 2277 903 2310 benevolentia
928 2287 1007 2318 erga
1034 2287 1091 2308 eos
1108 2274 1188 2308 Fri-

202 2332 309 2366 derici
329 2329 552 2374 Imperatoris
564 2328 816 2368 Barbarossae,
845 2327 1017 2361 Friderici
1035 2325 1188 2370 Impera-

202 2384 288 2418 toris
305 2380 478 2419 Secundi,
514 2391 553 2411 ex
577 2379 674 2411 cuius
702 2380 771 2412 filia
791 2386 892 2412 natus
913 2385 962 2411 est
980 2377 1189 2415 Fridericus,

203 2435 264 2480 qui
279 2431 403 2465 habuit
420 2432 617 2463 admorsam
636 2441 777 2471 genam,
804 2443 841 2463 ac
859 2425 1189 2471 deindeRodolphi,

203 2480 665 2521 chriciLticelbergensi8‚
691 2479 964 2523 CaroliQnarti‚
990 2478 1188 2521 Sigismun-

203 2537 258 2576 di,
285 2532 457 2568 Friderici
477 2530 673 2569 Austriaci,
699 2538 730 2563 et
750 2531 995 2564 Maximiliani.
1050 2528 1188 2561 Ilorum

203 2583 581 2632 praestantissimorum
631 2593 750 2622 regum
791 2582 1000 2618 amicitiam,
1053 2580 1188 2612 illustre

203 2634 445 2672 testimonium
478 2644 549 2665 esse
581 2632 624 2664 de
651 2632 821 2676 sapientia
847 2639 878 2665 et
908 2633 1038 2665 virtute
1062 2627 1188 2662 horum

203 2687 428 2730 Principum,
465 2683 545 2716 satis
572 2682 721 2725 intelligi
750 2690 872 2726 potest.
926 2682 996 2715 Nec
1016 2693 1098 2714 vero
1116 2680 1189 2713 fieri

1232 216 1359 253 potest,
1387 209 1471 253 quin
1492 209 1575 241 boni
1593 209 1773 253 Principes
1791 207 1942 243 babeant
1960 210 2143 243 adiunctos
2161 211 2213 242 vi-

1232 272 1288 292 ros
1311 260 1482 303 sapientes
1513 267 1546 292 et
1570 260 1680 293 bonos
1706 261 1740 292 in
1766 259 1941 300 consiliis,
1977 267 2011 294 et
2034 261 2120 304 quin
2143 261 2213 293 vita

1232 322 1352 342 eorum
1371 321 1516 342 censura
1528 310 1570 342 sit
1585 311 1776 344 multorum
1794 312 1830 343 in
1847 311 1990 354 populo,
2017 317 2057 343 ut
2069 311 2213 345 dicitur:

1333 362 1384 392 Sic
1402 365 1499 401 agitur
1516 374 1638 392 censura
1650 386 1657 400 ⁷
1685 371 1712 392 et
1730 367 1770 392 sic
1788 366 1924 403 exempla
1942 370 2099 403 parantur,

1385 412 1463 442 Cum
1479 415 1570 443 iudex
1588 416 1661 442 alios
1677 415 1757 454 quod
1775 421 1875 444 mouet
1894 417 1958 454 ipse
1975 416 2055 444 facit.

1334 459 1495 506 Cumque
1519 462 1555 493 in
1580 468 1654 494 toto
1678 473 1803 504 genere
1821 459 1977 495 humano
1994 472 2131 505 semper
2150 462 2216 493 im-

1232 518 1324 544 mota
1345 512 1610 553 gubernationis
1626 524 1748 544 norma
1767 522 1837 543 esse
1852 513 1995 553 debeat,
2022 510 2216 554 Decalogus

1234 568 1323 594 recte
1350 562 1563 600 intellectus,
1599 569 1633 595 et
1654 561 1748 594 Deus
1767 561 2012 605 Magistratum
2037 562 2120 595 velit
2145 573 2217 594 esse

1234 624 1352 644 vocem
1365 637 1373 650 ,
1402 619 1433 645 et
1451 615 1630 646 custodem
1645 610 1749 645 liuius
1765 624 1845 645 suae
1860 619 2020 645 aeternae
2035 612 2118 654 legis
2129 637 2138 649 ‚
2163 624 2217 644 se-

1233 670 1391 707 quuntur
1414 660 1504 694 lianc
1531 676 1646 695 veram
1673 675 1831 695 normam
1856 670 1888 696 et
1911 663 1947 695 in
1977 661 2040 695 hac
2067 669 2137 695 tota
2163 674 2217 694 re-

1234 713 1349 755 gione.
1404 712 1629 755 Magistratus
1655 714 1872 757 praecipiunt
1898 721 1936 747 ut
1961 713 2081 757 populi
2106 724 2219 745 mores

1234 770 1427 806 congruant
1444 765 1485 795 ad
1504 771 1686 807 praecepta
1704 762 1790 801 Dei,
1817 772 1849 797 et
1871 764 2024 807 puniunt
2037 769 2219 797 contuma-

1234 825 1299 847 ces.
1352 813 1415 846 Pie
1439 815 1634 847 defendunt
1656 812 1849 854 Ecclesias,
1877 826 1921 847 ne
1935 826 2015 847 vera
2033 812 2099 847 Dei
2117 813 2220 846 invo-

1235 865 1323 897 catio
1341 864 1578 907 extinguatur,
1607 871 1638 896 et
1656 864 1792 908 pellunt
1812 862 1974 897 homines
1990 865 2050 909 qui
2068 871 2126 897 aut
2141 864 2219 897 ido-

1235 915 1267 948 la
1299 915 1509 953 defendunt,
1547 922 1606 948 aut
1637 915 1823 959 cyclopicis
1845 915 2076 948 ‘sermonibus
2103 913 2219 948 Deum

1235 966 1447 998 contumelia
1464 966 1648 1004 adficiunt,
1672 971 1731 997 aut
1748 966 1843 998 falsis
1860 965 2090 1009 opinionibus
2099 962 2221 998 Eccle-

1235 1016 1365 1047 siarum
1383 1027 1591 1048 consensum
1613 1016 1766 1048 turbant.
1818 1015 2022 1049 Puniuntur
2037 1015 2220 1049 latrocinia

1236 1072 1268 1098 et
1285 1065 1485 1099 seditiones.
1539 1065 1787 1099 Defenduntur
1800 1066 1956 1109 legitima
1976 1066 2156 1108 coniugia,
2184 1078 2222 1098 ac

1235 1128 1352 1149 severe
1369 1116 1569 1159 puniuntur
1584 1117 1756 1157 adulteri,
1783 1124 1817 1151 et
1835 1117 2064 1151 contaminati
2083 1116 2222 1149 incestis

1236 1167 1457 1202 libidinibus.
1527 1166 1596 1200 Nec
1635 1167 1805 1200 toleratur
1837 1168 1976 1211 publice
2007 1167 2223 1201 consuetudo

1236 1230 1314 1250 cum
1339 1218 1430 1258 ulla,
1457 1230 1534 1250 cum
1557 1230 1623 1262 qua
1649 1230 1721 1250 non
1746 1223 1796 1251 e'st
1821 1219 1943 1252 foedus
1958 1218 2140 1260 coniugale
2155 1215 2224 1250 Ec-

1236 1268 1359 1300 clesiae
1376 1268 1577 1301 testimonio
1594 1269 1735 1301 factum.
1790 1268 1994 1302 Puniuntur
2010 1275 2041 1301 et
2055 1269 2166 1305 fures,
2191 1274 2224 1299 et

1237 1318 1297 1350 alii
1324 1319 1384 1362 qui
1407 1319 1509 1350 fidem
1536 1325 1716 1361 pactorum
1744 1318 1780 1348 in
1801 1319 2038 1351 contractibus
2062 1330 2134 1350 non
2153 1329 2224 1349 ser-

1237 1376 1328 1401 vant.
1383 1368 1476 1410 Quia
1495 1380 1576 1400 vero
1596 1374 1741 1400 naturae
1759 1365 1945 1400 hominum
1960 1367 2116 1409 placidae
2134 1373 2225 1405 sunt,

1237 1422 1269 1448 et
1287 1417 1328 1447 ad
1348 1414 1564 1456 agnitionem
1590 1421 1622 1446 et,
1648 1414 1907 1446 invocationem
1931 1413 2019 1454 Dei,
2046 1421 2079 1447 et
2098 1418 2141 1447 ad
2159 1418 2224 1448 bo-

1237 1476 1300 1498 nos
1318 1476 1432 1497 mores
1449 1476 1533 1497 voce
1548 1462 1725 1496 Ecclesiae
1737 1490 1744 1503 ,
1772 1471 1804 1497 et
1819 1464 2006 1508 disciplina
2024 1465 2226 1504 domestica,

1237 1523 1269 1549 et
1286 1515 1451 1558 exemplis
1473 1526 1663 1557 poenarum
1682 1514 1902 1558 publicarum
1920 1515 2133 1555 adsuefiunt‚
2159 1515 2226 1547 mi-

1238 1577 1303 1599 nus
1321 1573 1353 1598 et
1371 1566 1610 1598 contumaciae
1628 1572 1659 1597 et
1676 1565 1855 1598 scelerum.
1905 1562 1969 1598 Est
1985 1572 2103 1598 autem
2120 1566 2225 1598 disci-

1239 1617 1336 1660 plina
1352 1616 1540 1649 domestica
1562 1615 1597 1647 in
1616 1616 1764 1648 urbibus
1787 1627 1826 1648 eo
1843 1615 1986 1656 melior,
2014 1615 2096 1660 quia
2114 1616 2226 1660 pluri-

1239 1667 1287 1700 mi
1303 1667 1395 1700 cives
1411 1673 1449 1699 ut
1467 1678 1640 1710 nusquam
1666 1666 1770 1704 alibi,
1797 1672 1930 1699 norunt
1952 1673 2131 1711 utcunque
2148 1667 2226 1700 lite-

1238 1729 1311 1758 ras,
1338 1723 1370 1750 et
1388 1717 1484 1749 domi
1503 1728 1617 1750 sacros
1634 1716 1744 1750 libros
1761 1717 1900 1759 legunt,
1928 1723 1961 1750 et
1976 1717 2068 1750 filios
2084 1729 2122 1750 ac
2139 1717 2226 1750 filias
2265 1736 2268 1738 -

1239 1768 1358 1801 doceri
1376 1768 1494 1802 literas
1512 1774 1652 1808 curant,
1680 1773 1712 1800 et
1726 1778 1853 1810 magno
1877 1767 1993 1801 studio
2011 1779 2093 1800 suos
2110 1768 2152 1800 ad
2171 1779 2226 1800 re-

1240 1819 1432 1852 verentiam
1472 1818 1604 1861 publici
1638 1818 1825 1851 ministerii
1865 1818 2078 1861 evangelici,
2116 1826 2148 1852 et
2183 1820 2225 1851 ad

1239 1870 1313 1914 pias
1339 1869 1556 1913 precationes
1582 1869 1834 1903 adsuefaciunt.
1886 1868 2027 1914 Ubique
2053 1869 2090 1900 in
2106 1869 2227 1912 singu-

1240 1922 1355 1953 lorum
1387 1920 1617 1953 mediocrium
1644 1919 1773 1952 civium
1808 1919 1971 1957 aedibus,
2008 1919 2099 1952 inter
2121 1931 2226 1952 orna-

1239 1978 1356 2004 menta
1381 1971 1564 2015 praecipua
1591 1970 1858 2013 conspiciuntur
1881 1970 1965 2002 libri
1983 1970 2089 2010 sacri,
2116 1968 2227 2003 histo-

1241 2022 1311 2055 riae
1342 2019 1646 2061 monarchiarum,
1681 2021 1835 2064 picturae
1872 2020 2091 2054 continentes
2124 2031 2228 2063 argu-

1241 2079 1357 2106 menta
1382 2072 1482 2106 utilia
1507 2073 1549 2104 ad
1569 2071 1944 2104 commonefactionem
1960 2077 2099 2115 sumpta
2116 2083 2155 2104 ex
2173 2069 2227 2102 hi-

1242 2123 1369 2157 storiis.
1424 2122 1565 2167 Ubique
1590 2122 1734 2155 recitant
1758 2122 1858 2166 pueri
1874 2134 1994 2162 mane,
2023 2121 2112 2155 etad
2128 2133 2228 2153 men—

1242 2186 1313 2207 sam
1326 2185 1443 2217 preces
1457 2180 1488 2206 et
1501 2173 1574 2216 pias
1590 2173 1797 2210 sententias,
1825 2180 1858 2206 et
1873 2173 2127 2212 admonentur,
2154 2172 2228 2204 sin-

1242 2226 1339 2267 gulas
1355 2224 1504 2257 familias
1527 2224 1653 2256 debere
1680 2235 1752 2256 esse
1768 2221 1941 2255 Ecclesias
1955 2229 1987 2256 et
2004 2222 2132 2266 templa
2150 2221 2227 2259 Dei,

1242 2276 1278 2308 in
1302 2275 1430 2320 quibus
1453 2275 1536 2307 velit
1553 2273 1647 2307 Deus
1673 2272 1849 2311 habitare,
1877 2279 1909 2306 et
1928 2273 1975 2306 sic
2000 2273 2073 2306 fieri
2092 2284 2147 2305 eas
2164 2274 2228 2306 (lo-

1243 2326 1372 2359 micilia
1395 2324 1461 2358 Dei
1488 2331 1519 2358 et
1544 2323 1734 2363 Ecclesias‚
1770 2323 1805 2355 in
1828 2323 1956 2368 quibus
1979 2331 2072 2357 certo
2095 2321 2228 2358 habitet

1242 2376 1355 2416 Deus,
1392 2387 1477 2421 quas
1501 2383 1632 2413 servet,
1667 2381 1838 2419 protegat,
1875 2380 1906 2407 et
1935 2375 2124 2417 gubernet,
2151 2387 2227 2408 cum

1243 2428 1382 2460 discunt
1415 2427 1567 2459 familiae
1600 2425 1781 2468 Evangelii
1817 2425 2036 2465 doctrinam,
2076 2432 2108 2458 et
2140 2433 2228 2458 recte

1243 2478 1357 2512 Deum
1382 2478 1548 2510 invocant
1572 2477 1697 2509 fiducia
1720 2475 1948 2515 Mediatoris,
1982 2483 2015 2509 et
2041 2487 2153 2508 mores
2172 2488 2228 2508 re-

1243 2536 1329 2571 gunt
1346 2529 1439 2562 iuxta
1467 2528 1621 2561 divinam
1642 2526 1836 2559 doctrinam
1851 2554 1859 2565 ,
1887 2538 1991 2571 seque
2012 2527 2054 2559 ad
2073 2538 2228 2559 commu-

1244 2592 1322 2611 nem
1342 2591 1440 2611 verae
1450 2577 1623 2611 Ecclesiae
1639 2578 1835 2609 societatem
1853 2578 2067 2620 adiungunt.
2095 2584 2126 2610 et
2144 2590 2227 2610 con-

1244 2630 1476 2662 servationem
1508 2628 1639 2672 publici
1679 2627 1864 2661 ministerii
1904 2627 2094 2670 evangelici
2128 2629 2228 2661 adiu-

1245 2688 1337 2715 vant.
1394 2680 1433 2713 ln
1459 2680 1518 2713 tali
1543 2685 1643 2712 coetu
1669 2680 1786 2711 adesse
1813 2677 1925 2712 Deum
1946 2685 2175 2723 protectorem
2196 2688 2227 2713 et
