2324 2955
206 129 279 164 287

207 212 391 249 Discordia
416 220 486 241 non
507 211 640 240 tantum
660 202 848 235 seditiones
863 201 1019 244 pariebat
1035 206 1068 234 et
1083 201 1188 241 bella,

210 266 269 297 sed
294 263 394 295 etiam
420 257 544 290 multas
566 254 698 286 animas
723 252 938 289 trucidabat,
964 250 1048 294 quia
1066 249 1189 284 Eccle-

213 315 282 347 siae
316 305 600 343 distrahebantur
633 303 780 337 fulmine
811 301 1002 345 pontificio.
1053 300 1188 335 Interea

208 360 409 396 Ludoxicus

285 412 323 442 Et
339 421 481 451 causaque
499 411 617 445 valens,
646 416 821 445 causamque
839 407 990 434 tuentibus
1007 407 1105 440 armis,

211 461 275 495 etsi
311 458 515 497 calumniis,
556 453 734 499 pontificio
765 453 912 486 fulmine
945 459 977 485 et
1008 452 1192 485 seditioso-

212 523 291 545 rum
320 509 424 542 armis
457 506 738 551 oppugnabatur:
782 510 897 536 tamen
929 502 1011 535 vicit
1042 503 1193 542 tandem,

214 569 247 595 et
278 560 370 593 inter
401 557 555 600 exempla
586 553 763 588 numerari
796 560 924 596 potest,
965 564 1052 597 quae
1075 559 1191 585 osten-

214 613 303 644 dunt
329 610 437 642 iustae
460 618 580 640 causae
606 605 716 639 Deum
741 603 916 646 opitulari.
977 602 1070 635 Ilaec
1095 614 1192 646 prae-

214 663 306 694 fatus
342 671 436 698 sum,
476 663 515 690 ut
550 656 660 689 sciant
697 654 852 686 iuniores
883 665 921 685 ex
952 650 1017 685 hac
1050 650 1193 686 historia

215 711 302 745 disci
340 720 438 753 posse
472 707 666 740 doctrinam
697 705 738 736 de
771 703 973 736 discrimine
1006 703 1193 735 ministerii

216 759 404 802 evangelici
433 764 465 790 et
494 757 655 801 politicae
684 754 882 797 potestatis,
925 760 957 786 et
979 753 1063 785 alias
1091 765 1195 798 quas—

218 813 298 844 dam
321 808 500 842 doctrinae
523 813 646 850 partes,
707 803 753 837 [t
778 811 890 836 autem
917 804 1194 846 disputationum

219 868 252 894 et
281 859 476 892 occasiones
504 863 535 889 et
567 856 715 887 varietas
741 855 849 897 magis
876 854 1027 897 intelligi
1050 854 1196 898 possint,

220 908 401 944 historiam
420 907 573 940 breviter
591 904 754 938 recitabo.

320 958 555 992 Pulcerrimus
577 956 726 990 Senatus
749 954 786 986 in
810 965 933 997 genere
958 952 1112 988 humano
1138 962 1197 994 est,

219 1009 423 1045 Electorum
441 1006 647 1046 consilium,
674 1013 706 1039 et
722 1011 760 1037 ut
784 1017 802 1037 a
817 1004 892 1038 Deo
913 1012 1068 1039 servetur
1087 1013 1119 1039 et
1131 1016 1198 1048 gu-

220 1062 387 1094 bernetur
410 1058 602 1102 optandum
626 1063 685 1088 est.
739 1053 785 1088 Et
809 1067 908 1091 sae-,xe
934 1056 1065 1098 profuit
1082 1055 1197 1088 Euro-

221 1122 285 1155 pae
311 1109 383 1142 eius
407 1108 556 1141 Senatus
580 1104 776 1138 concordia.
829 1104 895 1138 Sed
921 1111 1003 1137 tunc
1026 1106 1198 1138 discordia

224 1159 339 1193 nescio
359 1170 377 1191 a
400 1158 527 1202 quibus
551 1162 642 1194 orta,
676 1155 794 1197 magni
817 1155 971 1187 incendii
995 1167 1094 1188 causa
1118 1156 1197 1189 fuit.

224 1210 355 1243 Verum
378 1208 530 1250 suspicor
554 1218 572 1239 a
596 1203 751 1238 Iohanne
775 1204 869 1246 Rege
887 1204 1062 1238 Boiemiae
1087 1213 1198 1239 ortam

223 1271 316 1297 esse,
344 1259 405 1302 qui
427 1257 610 1291 Austriaco
637 1255 799 1286 inimicus
823 1262 906 1287 erat.
961 1255 1067 1287 Anno
1094 1256 1200 1297 igitur

223 1308 410 1342 millesimo
446 1305 686 1340 trecentesimo
725 1304 1006 1346 quartodecimo,
1057 1306 1200 1336 ardente

221 1358 366 1393 Cometa
386 1363 419 1389 et
440 1355 624 1388 minitante
646 1359 810 1385 venturas
830 1352 942 1384 clades
956 1364 1074 1385 mense
1090 1350 1201 1385 Octo-

225 1409 281 1443 bri
296 1406 491 1446 Electores,
516 1402 748 1445 Moguntinus
766 1407 798 1434 et
811 1400 948 1437 Trevir.
972 1409 1004 1435 et
1029 1400 1200 1435 Iohannes

224 1458 301 1494 Rex
316 1456 504 1493 Boiemiae‚
529 1461 562 1487 et
578 1450 739 1486 Marchio
757 1450 1079 1494 Brandeburgensis
1089 1452 1201 1484 &Vol-

226 1510 406 1546 demarus,
440 1506 573 1548 eligunt
596 1501 845 1544 Imperatorem
872 1500 1004 1534 Ducem
1032 1501 1200 1534 Bavariae

224 1557 463 1595 Ludovicum‚
497 1552 623 1586 caeteri
640 1551 816 1584 Electores
840 1551 878 1583 in
901 1552 1021 1583 eodem
1040 1563 1201 1584 consessu

226 1605 464 1642 Coloniensis,
492 1602 671 1636 Palatinus
688 1599 900 1644 Rudolphus
916 1602 1021 1634 frater
1030 1601 1201 1634 Ludos-ici

227 1665 261 1691 et
274 1652 486 1698 Rudolphus
506 1652 587 1686 Dux
602 1651 789 1691 Saxoniae,
816 1651 993 1694 elegerunt
1010 1651 1201 1696 Imperato—

226 1719 299 1741 rem
315 1704 536 1739 Fridericum
555 1701 790 1736 Austriacum.

327 1753 438 1789 Erant
453 1753 653 1787 Ludos-icus
671 1758 702 1784 et
713 1747 926 1794 Rudolphus
934 1750 1113 1784 Palatinus
1128 1749 1203 1784 nati

230 1820 271 1841 ex
294 1806 398 1840 amita
421 1803 592 1837 Friderici
618 1800 802 1835 Austriaci.
855 1800 922 1833 Sed
945 1813 1005 1834 cur
1022 1801 1203 1834 consobri-

228 1869 314 1890 num
329 1855 428 1888 fratri
444 1852 659 1898 praetulerit,
689 1851 815 1883 nescio.
868 1849 982 1892 Quam
1006 1863 1087 1884 vero
1105 1863 1204 1894 aegre

228 1906 349 1942 tulerit
364 1904 563 1938 Ludovicus
578 1901 694 1935 fratris
708 1898 892 1944 Rudolphi
908 1901 1203 1944 suffragationem,

229 1967 342 2002 poena
365 1954 534 1993 ostendit,
566 1952 648 1996 quia
666 1952 758 1983 intra
775 1951 957 1983 biennium
974 1958 1051 1995 post
1064 1952 1203 1985 electio-

229 2018 310 2040 nem
326 2005 459 2048 expulit
477 2014 556 2036 eum
571 2014 611 2035 ex
627 2001 748 2045 patria.
799 1999 976 2044 Expulsus
992 1999 1204 2046 Rudolphus

229 2057 318 2100 fugit
351 2056 388 2088 in
411 2054 594 2097 Angliam,
628 2051 690 2084 ubi
724 2051 802 2084 exul
831 2058 908 2094 post
936 2063 1046 2084 annos
1071 2052 1205 2096 aliquot

230 2113 388 2141 mortuus
405 2111 465 2137 est.
500 2103 661 2138 Coniunx
677 2099 948 2139 eiusMechilda,
967 2102 1037 2135 filia
1050 2101 1204 2146 Impera-

231 2157 316 2191 toris
339 2152 515 2198 Adolphi,
547 2164 625 2185 cum
656 2151 736 2183 filiis
761 2151 798 2183 in
826 2149 968 2184 Austria
993 2159 1204 2186 commorata

232 2214 302 2247 est,
333 2206 395 2239 ubi
419 2216 497 2237 cum
521 2203 559 2235 in
583 2201 685 2235 exilio
710 2207 848 2234 mortua
872 2208 976 2241 esset,
1003 2201 1204 2236 Ludovicus

231 2256 347 2290 fratris
369 2255 458 2287 filios
476 2254 518 2287 ad
533 2264 566 2286 se
583 2251 775 2289 revocavit,
803 2251 920 2295 eisque
936 2250 1204 2296 Heidelbergam

232 2313 267 2340 et
286 2306 323 2338 in
340 2304 466 2337 Norico
485 2302 713 2344 Ambergam,
740 2307 772 2334 et
795 2301 862 2334 alia
884 2302 1051 2346 quaedam
1077 2304 1203 2346 oppida

232 2355 396 2394 reddidit,
418 2354 475 2385 sed
491 2351 575 2387 haec
591 2352 769 2396 aliquanto
786 2359 863 2395 post
880 2352 1090 2386 acciderunt.
1127 2352 1204 2385 Hoc

232 2413 346 2440 autem
357 2404 432 2435 loco
443 2402 708 2435 commemoravi
720 2413 791 2434 non
808 2402 918 2434 solum
935 2402 1113 2435 brevitatis
1124 2415 1204 2435 cau-

232 2467 287 2495 sa,
313 2455 372 2487 sed
395 2453 496 2485 etiam
522 2458 559 2485 ut
576 2452 748 2494 cogitetis,
775 2459 943 2496 quantum
963 2452 1045 2484 mali
1062 2452 1105 2485 sit
1119 2453 1205 2485 cix-i-

232 2507 274 2540 lis
297 2503 488 2541 discordia,
513 2513 591 2534 cum
615 2499 672 2533 hic
695 2501 840 2542 auditis,
865 2502 1005 2535 initium
1030 2502 1203 2535 bellorum

230 2556 355 2593 fuisse,
380 2551 494 2584 fratris
513 2551 761 2594 expulsionem.

329 2602 413 2636 Fuit
427 2607 458 2634 et
475 2598 685 2644 Rudolphus
695 2600 864 2634 Saxoniae
877 2599 956 2634 Dux
974 2602 1204 2636 consobrinus

230 2652 403 2690 friderici
424 2650 600 2685 Austriaci
620 2657 721 2684 natus
743 2662 781 2683 ex
797 2650 924 2696 ¹Hagne
956 2652 1062 2697 ipsius
1087 2653 1203 2694 amita,

755 115 912 152 DECL.
957 113 1030 149 DE
1069 112 1378 150 LUDOVICO
1413 113 1670 153 BAVARO.

2144 117 2218 153 288

1240 211 1390 246 quorum
1407 199 1508 232 nobis
1525 201 1654 242 gratior
1671 201 1715 235 sit
1730 202 1924 236 recordatio
1937 229 1946 243 ,
1975 204 2056 248 quia
2073 201 2130 237 hic
2140 201 2218 237 Ru-

1241 248 1394 295 dolphus
1423 249 1591 292 templum
1621 252 1738 295 prius,
1773 253 1867 296 quod
1892 252 1930 284 in
1955 250 2019 285 hoc
2044 254 2118 286 loco
2142 254 2219 293 suit,

1241 302 1301 334 ubi
1319 298 1402 332 haec
1419 300 1530 332 oratio
1549 297 1697 334 habetur
1714 303 1889 342 condidit,
1917 310 1949 336 et
1967 303 2058 345 apud
2075 310 2219 336 matrem

1242 351 1349 383 filiam
1366 347 1552 393 Rudolpbi
1570 350 1795 394 Imperatoris
1821 353 1856 384 in
1877 350 1942 385 hoc
1960 353 2089 396 oppido
2105 354 2220 395 sepul-

1242 408 1296 434 tus
1317 407 1378 435 est.
1430 398 1536 433 Hunc
1561 407 1704 444 propter
1727 403 1968 444 cognationem
1993 410 2025 436 et
2042 409 2220 446 praestan-

1245 450 1366 484 tissimi
1391 451 1446 482 avi
1464 449 1647 495 Rudolphi
1666 450 1887 495 Imperatoris
1904 453 2104 486 memoriam
2121 464 2221 497 prae—

1243 502 1361 534 tulisse
1379 499 1598 533 Fridericum
1616 513 1689 534 non
1708 509 1756 535 est
1775 502 1916 536 mirum.

1345 549 1431 583 Mox
1447 557 1560 583 autem
1576 558 1652 595 post
1669 552 1873 585 electionem
1890 559 2076 586 coronatus
2091 561 2140 587 est
2150 553 2222 585 Lu-

1245 601 1390 635 dovicus
1414 601 1541 634 usitato
1563 602 1638 635 loco
1665 602 1702 634 in
1724 603 1854 645 templo
1879 600 2110 647 Aquisgrani,
2144 603 2222 635 Fri-

1245 652 1380 685 dericus
1398 650 1543 684 Bonnae
1563 652 1699 685 minore
1724 653 1903 687 comitatu.
1968 651 2019 685 Ac
2043 653 2159 686 statim
2183 653 2220 684 in

1246 704 1331 736 duas
1354 709 1469 747 partes
1488 700 1678 735 Germania
1701 703 1802 736 scissa
1829 709 1891 736 est:
1928 701 2040 736 L'rbes
2063 702 2221 745 Belgicae

1247 759 1280 786 et
1311 759 1462 785 caeterae
1492 764 1601 796 usque
1626 753 1669 785 ad
1694 752 1965 796 Argentoratum
1989 753 2225 786 adiunxerunt

1246 815 1281 836 se
1299 802 1477 836 Ludovico
1490 829 1498 842 ,
1525 809 1559 835 et
1581 803 1688 835 vicini
1707 802 1904 846 Principes,
1931 803 2021 835 inter
2044 815 2132 847 quos
2151 803 2224 835 vir-

1247 860 1319 887 tute
1343 860 1376 886 et
1400 853 1584 886 autoritate
1607 853 1808 886 antecelluit
1828 852 2026 886 Fridericus
2050 853 2225 896 Burggra-

1248 904 1325 937 vius
1341 902 1616 946 Noribergensis.
1669 902 1781 937 [rbes
1795 902 1994 936 Helveticae
2005 930 2013 943 ,
2040 915 2127 948 quae
2142 911 2225 936 tunc

1248 954 1522 998 Imperatoribus
1539 953 1666 987 nostris
1680 954 1849 997 parebant
1872 960 1904 986 et
1927 953 2111 998 pleraeque
2126 951 2225 987 Rhe-

1249 1005 1336 1037 ticae
1364 1011 1397 1037 et
1431 1003 1532 1038 [lma
1559 1003 1778 1037 fridericum
1801 1010 2017 1047 receperunt.
2070 1002 2226 1048 Uterque

1250 1055 1352 1087 etiam
1374 1055 1522 1086 externis
1539 1055 1677 1087 auxiliis
1692 1066 1726 1087 se
1746 1054 1972 1087 confirmavit.
2028 1053 2226 1086 fridericus

1250 1104 1437 1147 Hungaros
1460 1104 1650 1139 accersivit.
1713 1104 1915 1138 Ludovicus
1939 1101 2132 1136 Iohannem
2155 1102 2227 1137 Re-

1250 1166 1325 1198 gem
1342 1154 1567 1188 Boiemorum
1593 1155 1707 1187 virum
1727 1155 1940 1187 industrium
1961 1161 1992 1187 ct
2012 1155 2228 1193 bellicosum,

1250 1205 1310 1248 qui
1340 1205 1421 1237 odio
1453 1204 1628 1237 Austriaci
1660 1206 1769 1247 magis
1799 1203 1892 1237 bunc
1925 1205 2079 1245 adiuvit,
2123 1215 2229 1249 quam

1251 1253 1410 1296 Hungari
1433 1255 1683 1288 adversarium.
1742 1254 1876 1287 Tenuit
1897 1254 2083 1298 imperium
2106 1253 2228 1287 Ludo-

1251 1304 1346 1333 vicus
1365 1312 1475 1333 annos
1493 1308 1562 1333 tres
1580 1308 1611 1333 et
1628 1305 1770 1344 triginta
1782 1325 1791 1338 ,
1817 1310 1976 1334 mortuus
1992 1305 2028 1334 in
2044 1304 2229 1336 venatione

1251 1362 1344 1383 anno
1370 1350 1619 1391 climacterico,
1652 1351 1860 1394 sexagesimo
1885 1351 1987 1385 tertio
2013 1353 2131 1385 aetatis
2149 1363 2229 1386 suae

1252 1412 1366 1439 anno,
1399 1407 1517 1444 pacata
1544 1400 1745 1434 Germania.
1797 1401 1887 1434 Nam
1910 1402 1973 1434 etsi
1996 1414 2067 1436 non
2090 1403 2230 1436 desine—

1252 1451 1310 1483 bat
1327 1450 1489 1484 Pontifex
1509 1451 1628 1483 moliri
1652 1462 1742 1483 nova
1763 1451 1872 1483 bella:
1900 1458 2017 1483 tamen
2034 1464 2111 1484 cum
2127 1453 2229 1486 toties

1252 1500 1407 1540 vicisset,
1441 1506 1473 1533 et
1496 1500 1776 1533 benevolentiam
1806 1500 1996 1533 multorum
2024 1500 2229 1545 Principum

1253 1556 1285 1582 et
1314 1549 1492 1583 civitatum
1524 1550 1659 1584 iusticia
1683 1557 1716 1584 et
1736 1550 1977 1583 moderatione
2002 1551 2230 1585 victoriarum

1253 1607 1456 1634 consecutus
1485 1608 1587 1641 esset,
1619 1601 1679 1645 qui
1704 1607 1737 1634 et
1761 1598 1966 1645 ἀμνηστίαν
1992 1602 2150 1635 omnium
2173 1603 2229 1635 in-

1253 1650 1422 1683 iuriarum
1451 1658 1628 1689 sanxerat,
1661 1663 1764 1684 nemo
1785 1651 1816 1683 ei
1842 1652 1974 1684 bellum
2000 1652 2128 1685 inferre
2150 1660 2229 1687 tan-

1253 1701 1331 1733 dem
1354 1701 1513 1735 audebat.
1574 1700 1775 1734 Fridericus
1799 1713 1891 1734 anno
1917 1708 2038 1735 octavo
2061 1710 2138 1746 post
2160 1703 2229 1736 ele-

1254 1750 1404 1784 ctionem
1420 1751 1491 1784 acie
1505 1750 1614 1784 victus
1630 1759 1678 1785 est
1694 1758 1726 1785 et
1741 1751 1894 1785 triennio
1910 1752 1947 1784 in
1965 1764 2098 1786 carcere
2113 1760 2229 1788 reten-

1253 1807 1327 1842 tus,
1349 1812 1412 1834 nec
1432 1801 1491 1834 diu
1510 1809 1624 1845 postea
1643 1802 1739 1837 vixit.

1354 1850 1420 1884 His
1444 1859 1523 1885 octo
1541 1853 1643 1885 annis
1660 1853 1774 1886 variae
1790 1852 1880 1886 vices
1897 1854 2058 1894 suerunt,
2084 1853 2230 1887 dimica-

1254 1906 1327 1934 tum
1345 1908 1394 1934 est
1409 1902 1606 1946 aliquoties,
1634 1910 1666 1936 et
1683 1903 1845 1937 induciae
1860 1904 1968 1937 factae
1983 1911 2076 1943 sunt,
2103 1911 2136 1937 et
2151 1911 2229 1937 ten-

1255 1957 1344 1984 tatae
1369 1952 1643 1996 pacificationes,
1671 1966 1748 1986 com
1766 1951 1903 1987 honesti
1920 1966 2039 1988 omnes
2057 1954 2229 1993 dolerent,

1255 2008 1289 2034 et
1306 2000 1485 2046 Principes
1506 2011 1669 2046 cognatos
1692 2002 1808 2050 (erant
1828 2005 1921 2037 enim
1939 2004 2139 2038 consobrini
2157 2004 2230 2038 Lu-

1255 2052 1397 2085 dovicus
1415 2059 1447 2086 et
1466 2052 1684 2100 Fridericus)
1702 2054 1798 2088 sitire
1814 2062 1997 2097 cognatum
2015 2054 2231 2097 sanguinem,

1256 2108 1287 2135 et
1304 2109 1451 2136 caeteros
1468 2105 1577 2146 pollui
1594 2105 1911 2138 innumerabilibus
1927 2105 2134 2149 parricidiis.
2183 2103 2229 2138 Et

1255 2152 1370 2186 statim
1394 2153 1495 2186 initio
1518 2155 1662 2188 recitare
1685 2155 1789 2195 libet,
1816 2157 1908 2200 quod
1932 2156 1969 2187 in
1993 2153 2056 2187 hac
2080 2161 2149 2187 tota
2172 2151 2229 2186 hi-

1255 2203 1360 2236 storia
1392 2204 1644 2247 sapientissime
1669 2206 1898 2239 deliberatum
1920 2211 1979 2238 est.
2029 2203 2226 2238 Pacificatio

1255 2253 1302 2285 sic
1335 2253 1491 2287 instituta
1523 2262 1592 2296 est,
1627 2262 1666 2289 ut
1691 2256 1799 2288 veteri
1824 2267 1919 2288 more
1942 2254 2092 2296 collegae
2117 2262 2230 2288 essent

1256 2303 1329 2346 pari
1353 2304 1554 2343 autoritate,
1583 2312 1615 2339 et
1636 2313 1781 2350 uterque
1805 2317 1933 2337 nomen
1950 2302 2093 2338 haberet
2113 2303 2228 2349 Impe-

1255 2353 1398 2394 ratoris»,
1426 2361 1459 2388 et
1477 2356 1594 2389 omnia
1613 2356 1743 2396 edicta,
1769 2366 1889 2388 omnes
1905 2355 2026 2388 literae
2043 2355 2229 2388 ederentur

1256 2403 1483 2448 inscriptione
1506 2406 1705 2450 utriusque,
1738 2405 1826 2438 sicut
1850 2403 1900 2437 M.
1926 2404 2104 2438 Antonius
2130 2412 2162 2438 et
2188 2405 2228 2440 L.

1255 2452 1368 2486 Verus
1391 2455 1541 2498 collegae
1564 2456 1724 2492 fuerunt,
1759 2461 1792 2488 et
1814 2455 1941 2487 deinde
1959 2455 2228 2488 Valentinianus

1255 2510 1288 2536 et
1305 2503 1451 2545 Valens,
1478 2513 1510 2538 et
1526 2518 1604 2538 mox
1622 2504 1812 2538 Gratianus
1827 2512 1859 2538 et
1869 2503 2099 2540 Theodosius.
2151 2503 2228 2538 Hoc

1255 2555 1502 2598 aequissimum
1527 2555 1710 2588 consilium
1736 2556 1877 2598 adparet
1900 2567 1918 2588 a
1944 2555 2063 2594 bonis,
2090 2555 2228 2599 sapien-

1255 2604 1348 2637 tibus
1370 2612 1402 2638 et
1425 2605 1534 2638 doctis
1558 2605 1642 2637 viris
1660 2611 1775 2638 ortum
1795 2617 1876 2639 esse.
1928 2604 1994 2638 Sed
2014 2604 2123 2639 furiae
2138 2616 2227 2649 pon-

1254 2653 1377 2688 tificiae
1394 2655 1511 2688 omnia
1529 2654 1586 2699 pia
1604 2655 1747 2689 consilia
1767 2655 2015 2700 impediebant.
