2324 2955
192 101 261 140 591

198 189 268 222 iam
283 183 444 228 colligere
469 178 624 218 institui,
647 182 784 210 tantum
810 172 895 208 haec
917 185 1025 219 pauca
1049 185 1173 208 recen-

199 239 271 280 sui,
303 243 341 271 ut
366 233 519 267 iuniores
541 227 694 271 cogitent
717 227 761 259 de
785 225 897 259 causis
921 231 1064 270 propter
1089 236 1177 270 quas

198 287 372 323 Ecclesiae
386 278 577 316 necessaria
600 283 651 311 est
675 277 816 320 linguae
832 274 989 311 Ebraeae
1012 275 1179 319 cognitio,

199 346 231 372 et
247 348 317 371 sese
333 335 378 368 ad
395 343 471 366 eam
488 329 691 364 discendam
709 326 911 361 exuscitent.
960 324 1181 360 Certitudine

199 398 287 432 opus
310 391 362 419 est
386 381 554 428 privatim
577 385 611 413 et
637 378 800 423 publice,
834 385 868 412 et
892 376 1056 420 ambigua
1079 376 1182 410 lectio

199 449 274 472 non
289 436 404 470 solum
420 430 577 466 insuavis
595 436 663 470 est,
688 429 747 462 sed
764 428 868 462 etiam
891 439 1035 473 prorsus
1059 427 1184 461 abiici-

200 495 268 522 tur.
320 484 369 520 Ut
385 484 493 527 igitur
510 488 543 515 et
563 487 675 514 certae
692 480 762 512 sint
786 485 919 513 mentes
946 479 988 512 de
1013 478 1185 512 sententia

202 533 491 582 propheticorum
525 538 557 565 et
588 530 860 575 apostolicorum
887 530 1118 574 scriptorum,
1153 536 1186 563 et

201 587 330 622 horum
346 584 449 618 lectio
474 588 617 627 propter
640 580 885 614 certitudinem
914 580 1024 623 magis
1046 586 1186 623 appeta-

203 647 280 680 tur,
306 637 427 679 lingua
444 631 530 667 haec
545 632 714 666 discenda
738 638 807 671 est,
832 631 915 675 quia
934 630 995 663 ubi
1015 640 1187 673 spernun-

206 696 264 723 tur
292 687 376 721 libri
398 681 594 730 prophetici
617 690 649 716 et
682 681 882 726 apostolici,
923 681 974 714 ibi
994 678 1188 714 Ecclesiam

204 751 276 774 esse
292 735 509 782 impossibile
526 740 588 768 est.
636 732 754 767 Simus
772 732 879 775 igitur
894 742 1065 766 memores
1082 727 1188 766 huius

670 89 828 127 DECL.
858 86 933 124 DE
958 85 1181 124 LINGUA
1209 85 1380 124 HEBR.
1406 81 1716 122 DISCENDA.

2144 88 2218 125 392

1231 172 1427 209 dulcissimi
1451 171 1552 206 dicti:
1579 171 1784 207 Benedicite
1809 168 1966 208 Domino
1989 169 2033 209 d'e
2057 174 2216 210 fontibus

1232 225 1350 259 Isra’e'l.
1403 220 1480 265 Ego
1499 221 1744 268 quidemVDeo
1769 223 1898 268 gratias
1923 235 2008 267 ago,
2043 227 2137 271 quod
2159 238 2215 260 me

1232 277 1277 310 ad
1302 285 1403 308 verae
1420 271 1598 307 Ecclesiae
1624 274 1823 308 societatem
1845 274 2003 316 vocavit,
2030 282 2064 309 et
2087 277 2125 310 in
2149 275 2217 311 hoc

1233 326 1292 371 pio
1308 325 1428 358 labore
1445 323 1598 357 docendi
1613 323 1771 368 linguam
1798 331 1832 359 et
1855 324 2115 370 interpretandi
2128 325 2219 365 Pro-,

1235 374 1358 422 phetas
1375 374 1506 408 servire
1522 374 1648 410 voluit.
1699 373 1774 409 Has
1791 386 1913 420 operas
1931 387 2010 410 cum
2027 376 2134 410 sciam
2148 374 2218 411 Ec-

1236 426 1359 460 clesiae
1381 425 1592 459 necessarias
1615 436 1708 467 esse,
1741 425 1867 460 faciam
1897 438 1953 460 eas
1976 425 2052 462 Deo
2076 427 2219 462 iuvante

1236 477 1405 518 fideliter,
1432 482 1465 510 et
1479 487 1542 509 oro
1569 487 1667 517 eum,
1692 483 1732 511 ut
1755 487 1820 510 nos
1847 488 1969 511 omnes
1991 479 2162 521 gubernet
2186 485 2219 511 et

1237 528 1396 567 adiuvet,
1430 538 1469 560 ac
1494 526 1701 561 ardentibus
1724 527 1816 561 votis
1831 534 1933 571 peto,
1957 534 1997 562 ut
2022 540 2159 574 semper
2180 529 2218 561 in

1238 578 1293 612 his
1321 577 1526 622 regionibus
1555 584 1734 612 aeternam
1760 576 1955 612 Ecclesiam
1985 578 2144 623 colligat,
2186 585 2219 612 et

1238 630 1396 663 membra
1410 634 1530 662 nostra
1547 635 1662 671 sanet,
1687 641 1726 663 ac
1741 628 1863 671 faciat,
1886 635 1924 664 ut
1947 639 2051 674 quam
2073 629 2218 674 plurimi

1239 692 1351 715 unum
1368 680 1405 713 in
1422 679 1497 724 ipso
1516 679 1642 722 simus,
1668 678 1794 715 Amen.
