2324 2955
124 118 199 154 529

120 203 226 247 scopi,
245 199 471 246 relinquendi
490 205 522 232 et
539 197 724 231 execrandi
740 202 821 231 sunt
838 204 1007 242 tanquam
1025 207 1110 230 ana—

118 252 285 289 themata.
343 251 424 285 Non
452 255 652 293 expetamus
677 260 798 282 eorum
824 248 1016 288 amicicias,
1049 247 1110 293 qui

117 305 304 338 nobiscum
322 302 424 335 amici
436 300 510 333 Deo
531 310 602 332 esse
620 300 766 340 nolunt,
793 311 926 344 nosque
943 300 1110 332 adversus

118 367 238 389 eorum
257 352 491 387 execrationes
508 351 732 384 consolemur
752 363 835 384 voce
854 350 1000 384 Psalmi:
1029 348 1109 383 Ma-

118 406 267 440 ledicent
285 403 336 436 illi
348 429 356 444 ,
385 409 417 436 et
433 408 471 436 tu
487 402 683 437 benedices.

166 519 304 566 (LIV.)
349 520 457 555 Alia
481 519 778 564 disputatio:
823 517 870 553 de
895 520 1054 554 Invoca-

506 574 608 606 iione
635 570 721 604 Dei.

112 647 269 697 Propria
284 654 395 686 virtus
411 659 460 686 est
469 650 666 693 Ecclesiae,
694 652 813 695 ignota
830 652 996 686 omnihus
1020 663 1106 695 gen-

113 704 226 744 tibus,
255 711 286 736 et
309 702 514 736 homiuibus
540 703 672 746 ignaris
690 701 896 746 Evangelii,
927 703 1103 736 invocatio

113 766 193 788 vera
209 753 291 792 Dei,
319 761 357 787 ut
373 753 479 787 Rom.
502 755 557 788 10.
574 754 717 787 dicitur:
747 753 937 796 Quomodo
960 753 1103 787 invoca-

113 806 204 838 bunt
233 805 301 837 nisi
327 805 496 838 credent?
549 803 739 847 Quomodo
769 805 912 839 credent
939 804 1009 837 nisi
1039 816 1103 838 au-

113 855 236 889 dient?
265 862 328 889 etc.

213 907 248 940 2.
281 903 446 946 Ethnici‚
473 904 593 938 Iudaei
620 911 794 946 recentes,
821 902 1104 946 Mahometistae‚

111 956 302 1001 dupliciter
318 962 462 1000 peccant
479 956 516 988 in
534 955 769 990 invocatione.
814 954 992 996 Primum,
1020 956 1102 1000 quia

111 1014 231 1041 errant
254 1007 297 1040 de
319 1006 467 1040 essentia
484 1005 563 1040 Dei.
617 1004 801 1046 Secundo,
827 1005 908 1049 quia
932 1013 1102 1050 perpetuo

110 1058 276 1102 ignorant
293 1057 530 1097 voluntatem,
557 1067 603 1090 an
621 1062 652 1089 et
673 1068 735 1089 cur
752 1057 915 1089 exaudiat
931 1054 1039 1092 Deus.

211 1109 246 1144 3.
281 1107 338 1141 De
355 1107 503 1141 essentia
520 1104 812 1147 errantEtlinici,
840 1106 961 1140 Iudaei
979 1115 1012 1142 et
1022 1107 1102 1141 Ma·
1128 1123 1129 1138 ;

110 1157 329 1193 hometistae.
382 1156 472 1191 Cum
489 1158 583 1190 enim
601 1169 674 1190 nou
698 1158 863 1191 invocent
880 1157 1012 1198 Deum,
1041 1159 1101 1203 qui

111 1222 145 1242 se
163 1210 341 1253 patefecit,
367 1215 400 1242 et
416 1209 505 1241 sicut
523 1220 558 1241 se
577 1207 755 1251 patefecit:
790 1208 928 1250 fingunt
949 1208 1018 1241 sibi
1042 1209 1102 1241 alii

110 1260 249 1294 turham
273 1258 450 1298 Deorum,
490 1258 551 1290 alii
575 1269 688 1290 unum
713 1255 847 1298 Deum,
889 1258 948 1290 sed
971 1266 1102 1301 negant
1127 1271 1129 1291 :

110 1308 207 1343 hunc
224 1321 303 1342 vere
320 1308 436 1342 Deum
457 1318 549 1348 esse,
575 1308 635 1350 qui
652 1318 687 1339 se
704 1308 810 1339 verbo
834 1318 915 1348 suo,
943 1314 977 1340 et
1001 1320 1102 1341 reve-
1127 1312 1129 1340 t

111 1361 182 1393 lato
206 1360 298 1398 filio,
341 1365 373 1392 et
399 1357 535 1402 Spiritu
560 1363 678 1390 sancto
716 1357 894 1400 patefecit,
937 1358 1102 1392 aberrant

111 1422 193 1454 ergo
220 1422 239 1443 a
265 1421 348 1442 vero
371 1407 460 1442 Deo.
523 1407 643 1450 Quare
667 1405 829 1441 Christus
851 1408 985 1453 inquit:
1029 1408 1102 1451 Qui

109 1472 183 1493 non
207 1457 418 1493 honorificat
439 1458 574 1497 filium,
618 1469 693 1490 non
718 1455 928 1491 honorificat
953 1464 1101 1502 patrem.

105 1510 211 1552 Item,
252 1507 328 1544 Ioh.
347 1506 419 1542 15.:
464 1506 537 1550 Qui
560 1519 615 1540 me
640 1507 733 1548 odit,
762 1514 796 1541 et
818 1514 954 1551 patrem
981 1519 1100 1542 meum

108 1562 195 1596 odit.

207 1610 243 1648 4.
274 1609 327 1645 De
350 1611 531 1644 voluntate
556 1615 694 1650 errant,
728 1608 809 1654 quia
837 1615 966 1652 negant
988 1609 1100 1644 filium

109 1673 182 1696 esse
195 1662 426 1696 mediatorem
438 1687 446 1700 ‚
473 1667 506 1693 et
522 1660 687 1703 ignorant
704 1659 966 1703 promissiones.

212 1711 248 1747 5.
283 1710 533 1754 Multipliciter
556 1717 675 1744 errant
697 1718 730 1744 et
747 1708 926 1752 Papistae‚
962 1708 1100 1742 inimici

109 1774 218 1809 purae
240 1761 421 1795 doctrinae
444 1758 642 1802 Evangelii.
694 1758 769 1792 Alii
793 1756 885 1792 nihil
908 1759 1100 1803 cogitantes

108 1815 152 1848 de
170 1813 297 1851 verbo,
325 1817 385 1845 aut
406 1810 496 1849 filio,
524 1810 560 1842 in
578 1821 647 1854 quo
664 1820 698 1842 se
714 1809 894 1853 patefecit,
921 1810 1100 1846 invocant.

107 1863 184 1899 Alii
203 1862 317 1897 Deum
337 1863 381 1895 ad
397 1867 508 1895 certas
526 1867 656 1894 statuas
676 1860 832 1904 alligant.
883 1858 959 1894 Alii
983 1857 1100 1894 homi-

108 1926 170 1949 nes
186 1921 344 1948 mortuos
363 1913 551 1952 invocant,
577 1918 609 1945 et
628 1911 672 1944 ab
696 1911 744 1944 eis
767 1911 938 1945 auxilium
963 1918 1098 1956 petunt.

107 1965 270 2010 Denique
288 1975 410 1997 omnes
426 1962 538 2006 ignari
557 1961 644 1994 lucis
654 1960 839 2005 Evangelii
852 1989 861 2002 ,
889 1963 1016 1995 docent
1031 1963 1098 1995 du—

108 2016 295 2051 bitandum
323 2025 412 2055 esse,
452 2025 496 2046 an
524 2013 701 2057 placeant,
736 2020 769 2047 et
793 2025 837 2046 an
866 2013 1099 2047 exaudiantur

109 2078 229 2113 preces
254 2072 405 2100 nostrae.
459 2063 536 2097 Hae
562 2064 784 2097 confusiones
809 2064 919 2097 animi
941 2064 1099 2107 vagantis

110 2125 145 2153 et
159 2117 354 2151 aberrantis
373 2128 391 2149 a
406 2115 480 2150 Deo
492 2141 501 2155 ‚
526 2126 598 2148 non
614 2114 695 2148 satis
710 2115 859 2148 describi
875 2115 991 2148 verbis
1016 2126 1096 2159 pos-

109 2175 204 2204 sunt.
256 2167 325 2202 Sed
342 2166 547 2212 quotidiana
566 2165 677 2206 lucta,
705 2165 814 2199 bonas
833 2172 971 2200 mentes
988 2166 1031 2199 de
1049 2166 1097 2199 eis

109 2222 287 2256 admonet.
338 2216 385 2252 Et
402 2218 439 2250 in
456 2228 494 2250 ea
512 2217 603 2250 lucta
621 2217 794 2250 discamus
814 2228 878 2250 nos
902 2223 1097 2251 sustentare

110 2271 217 2305 verbo
233 2269 319 2311 Dei,
344 2275 379 2303 et
396 2269 496 2301 illum
513 2265 627 2301 Deum
645 2278 828 2312 quaerere,
856 2275 890 2302 et
914 2268 951 2301 in
975 2280 1015 2301 eo
1040 2279 1097 2302 ac-

110 2322 306 2368 quiescere,
333 2320 393 2365 qui
412 2331 447 2352 se
463 2318 534 2352 suis
551 2318 845 2363 promissionibus
862 2319 1035 2363 patefecit.

211 2371 248 2406 6.
283 2368 329 2406 Et
353 2370 496 2405 exaudit
512 2368 608 2404 Deus
633 2369 671 2402 in
686 2367 842 2403 Ecclesia
859 2367 992 2404 Christi
1017 2381 1097 2414 pre-

109 2435 164 2458 ces
180 2421 441 2461 invocantium,
469 2427 504 2455 et
521 2427 657 2455 tantum
680 2417 745 2453 hos
767 2420 920 2455 exaudit.
973 2419 1097 2455 Caete-

109 2485 228 2509 rarum
251 2471 410 2516 gentium
434 2471 594 2506 omnium
619 2482 738 2516 preces
765 2477 847 2505 sunt
870 2471 976 2504 inane
998 2483 1096 2505 mur-

107 2536 206 2564 mur,
233 2530 272 2558 ut
293 2520 416 2557 Iohan.
436 2520 493 2558 15.
517 2522 661 2556 dicitur:
697 2521 734 2555 Si
759 2522 957 2556 manseritis
980 2522 1016 2555 in
1041 2534 1096 2555 me

109 2583 144 2610 et
159 2575 264 2608 verba
282 2585 358 2607 mea
377 2573 568 2606 manserint
585 2573 623 2606 in
641 2573 752 2613 vobis,
781 2573 955 2618 quidquid
975 2573 1097 2606 volue-

109 2626 204 2667 ritis,
229 2625 373 2669 petetis‚
400 2630 433 2658 et
450 2624 507 2657 siet
521 2624 630 2660 vobis.
683 2621 729 2657 Et
746 2622 850 2660 Deut.
867 2622 918 2656 4.:
947 2623 1028 2657 Non
1046 2630 1096 2657 est

767 108 1031 146 PHILIPPI
1073 107 1524 147 MELANTHOMS.

2087 121 2162 156 530

1135 205 1139 254 ἶ
1163 195 1375 241 pinquantes
1399 197 1485 237 sibi,
1527 198 1616 232 sicut
1642 196 1737 234 Deus
1758 208 1879 236 noster
1901 203 1999 238 adest
2023 207 2159 241 cunctis

1134 255 1138 332 ι
1162 246 1465 282 obsecrationibus
1484 250 1624 286 nostris,

1265 305 1298 338 7.
1329 305 1424 350 Ergo
1451 308 1487 340 in
1517 309 1741 343 invocatione
1771 312 1925 354 primum
1954 315 2157 358 cogitemus,

1161 356 1204 389 ad
1221 368 1326 401 quem
1345 358 1528 401 dirigenda
1555 360 1600 393 sit
1624 360 1810 395 invocatio.
1864 362 2003 398 Deinde
2029 377 2091 407 an,
2123 374 2155 400 et

1161 418 1240 448 cur,
1275 415 1307 441 et
1329 409 1391 441 ubi
1414 410 1576 443 exaudiat
1592 408 1698 446 Deus.
1754 410 1802 446 Et
1825 413 2064 450 discernamus
2090 430 2156 450 no-

1159 463 1267 491 stram
1291 459 1551 494 invocationem
1578 461 1623 494 ab
1659 459 1819 504 ethnica,
1861 464 1998 499 iudaica
2025 474 2057 501 et
2080 480 2155 501 ma-

1159 505 1346 545 hometica.

1261 568 1295 602 8.
1323 567 1404 603 Uno
1421 571 1527 605 modo
1546 569 1847 615 semperEcclesia
1859 572 1925 607 Dei
1944 575 2027 608 inde
2043 589 2153 622 usque

1158 619 1202 652 ab
1236 617 1353 653 Adam
1384 621 1562 655 invocavit
1594 620 1721 655 Deum.
1790 622 1902 658 Norat
1934 637 2045 659 unum
2082 639 2154 661 esse

1157 676 1340 704 aeternum
1381 677 1533 715 patrem,
1587 671 1649 717 qui
1688 673 1810 715 genuit
1852 674 2043 718 imaginem
2088 679 2153 717 sui,

1129 713 1131 738 l
1156 719 1305 763 Filium,
1346 729 1379 757 et
1407 734 1426 756 a
1450 721 1554 756 Patre
1586 729 1621 757 et
1644 721 1738 756 Filio
1767 726 1956 768 procedere
1979 726 2152 770 Spiritum

1128 795 1129 810 ¹
1156 778 1326 808 sanctum.
1379 771 1426 807 Et
1446 773 1576 807 sciebat
1592 774 1711 807 omnia
1738 775 1880 809 condita
1906 787 1978 809 esse
2003 777 2108 811 simul
2134 790 2153 811 a

1128 811 1130 829 ¹
1155 821 1278 863 Patre,
1313 822 1425 864 Filio,
1458 830 1492 857 et
1515 824 1652 868 Spiritu
1674 831 1812 866 sancto,
1850 827 1939 861 sicut
1965 828 2002 860 in
2029 829 2060 862 1.
2079 840 2152 873 cap.

1156 870 1248 906 Gen.
1267 879 1301 906 et
1317 871 1441 907 Iohan.
1465 874 1496 909 1.
1515 875 1730 909 adfirmatur.

1258 922 1292 957 9.
1334 922 1544 968 Dirigebant
1575 937 1656 968 ergo
1689 927 1952 962 invocationem
1985 931 2028 962 ad
2055 927 2151 964 bunc

1154 973 1434 1017 omnipotentem
1446 973 1582 1016 Deum,
1609 982 1791 1010 aeternum
1804 977 1962 1020 Patrem,
1993 981 2150 1025 quicum

1154 1022 1247 1057 Filio
1266 1031 1297 1058 et
1314 1024 1451 1068 Spiritu
1471 1033 1590 1059 sancto
1607 1027 1726 1060 omnia
1748 1029 1927 1069 condidit,
1956 1037 1988 1063 et
2014 1038 2152 1064 susten-

1155 1080 1221 1114 tat,
1247 1072 1293 1107 Et
1310 1081 1438 1108 norant
1459 1087 1495 1108 se
1510 1076 1670 1109 exaudiri
1687 1084 1832 1120 propter
1850 1079 1961 1112 filium
1979 1081 2152 1115 constitu-

1156 1130 1228 1156 tum
1261 1125 1511 1167 mediatorem,
1559 1132 1592 1159 et
1623 1126 1780 1160 sciebant
1812 1128 1948 1162 effundi
1976 1130 2151 1175 Spiritum

1154 1181 1313 1208 sanctum
1331 1176 1366 1208 in
1385 1177 1490 1209 corda
1506 1177 1725 1210 credentium
1745 1185 1778 1211 et
1796 1179 2048 1214 invocantium.

1260 1226 1318 1261 10.
1353 1225 1412 1260 Sic
1436 1225 1540 1260 Iacob
1565 1227 1734 1262 discernit
1756 1240 1854 1262 suam
1880 1230 2152 1271 invocationem,

1154 1275 1197 1308 ab
1215 1276 1366 1309 aliarum
1392 1277 1550 1319 gentium
1572 1278 1753 1322 precibus,
1787 1287 1819 1313 et
1837 1282 2049 1316 nominatim
2069 1283 2152 1317 facit

1154 1326 1371 1358 mentionem
1392 1327 1555 1369 promissi
1573 1328 1778 1364 SalvatoriS.
1832 1329 1992 1365 Primum
2016 1333 2150 1377 inquit:

1127 1394 1128 1408 l
1152 1373 1266 1416 Deus,
1294 1388 1411 1409 coram
1427 1389 1497 1422 quo
1515 1378 1786 1412 ambulaverunt
1806 1387 1919 1424 patres
1933 1383 2012 1423 mei,
2034 1381 2151 1417 Abra—

1153 1423 1235 1458 ham
1254 1432 1287 1459 et
1307 1426 1412 1460 Isaac.
1453 1427 1591 1461 Deinde
1609 1429 1708 1463 addit
1723 1430 1766 1462 de
1784 1428 1956 1474 promisso
1975 1431 2149 1467 Domino:

1153 1472 1330 1517 Angelus,
1358 1477 1420 1521 qui
1437 1478 1567 1522 eripuit
1594 1490 1648 1511 me
1673 1491 1712 1512 ex
1739 1482 1874 1514 cunctis
1899 1483 2016 1524 malis,
2044 1485 2151 1518 bene-

1153 1525 1246 1559 dicat
1259 1526 1379 1570 pueris
1394 1526 1481 1560 istis.

1257 1585 1315 1619 11.
1350 1583 1446 1618 Haec
1464 1592 1515 1620 est
1532 1586 1662 1621 ditecta
1679 1587 1874 1631 invocatio,
1910 1599 1949 1626 ut
1972 1604 2036 1626 nos
2061 1594 2151 1627 dici-

1151 1646 1248 1668 mus:
1282 1635 1359 1669 Iesu
1375 1633 1516 1671 Christe
1537 1637 1586 1670 fili
1605 1637 1670 1672 Dei
1697 1639 1787 1679 vivi,
1814 1642 1975 1674 crucifixe
2001 1656 2064 1687 pro
2082 1656 2150 1677 no-

1152 1686 1207 1717 bis
1225 1692 1259 1718 et
1275 1687 1488 1727 resuscitate,
1515 1688 1680 1721 miserere
1699 1691 1822 1731 nostri,
1850 1691 1928 1725 iuva
1947 1705 2021 1727 nos.
2049 1693 2149 1728 Sicut

1152 1732 1354 1779 Stephanus
1371 1736 1503 1781 inquit:
1541 1736 1636 1779 Iesu,
1672 1740 1808 1782 suscipe
1833 1742 1995 1785 spiritum
2020 1757 2150 1780 meum.

1151 1783 1198 1820 Et
1221 1785 1353 1819 Paulus
1377 1787 1425 1821 ait
1451 1787 1484 1822 1.
1503 1785 1648 1824 Thessa.
1666 1789 1717 1823 3.:
1768 1789 1845 1834 Ipse
1867 1791 1962 1826 Deus
1994 1801 2027 1828 et
2052 1802 2151 1839 pater

1152 1843 1289 1877 noster,
1317 1844 1350 1871 et
1366 1836 1543 1872 Dominus
1561 1846 1680 1873 noster
1699 1839 1794 1874 Iesus
1811 1840 1993 1886 Christus,
2021 1846 2148 1889 dirigat

1152 1887 1245 1920 viam
1265 1895 1422 1922 nostram
1443 1896 1506 1925 etc.
1558 1888 1605 1925 Et
1622 1891 1707 1923 alias
1724 1902 1835 1936 saepe.

1256 1939 1313 1972 12.
1347 1937 1394 1972 Et
1410 1938 1538 1973 Daniel
1555 1941 1646 1974 clare
1666 1942 1781 1986 inquit
1798 1944 1910 1987 capite
1929 1944 1979 1977 9.:
2008 1944 2147 1979 Exaudi

1150 1988 1246 2023 Deus
1264 1989 1462 2023 orationem
1480 1991 1569 2023 servi
1589 1991 1661 2031 tui,
1690 1999 1833 2035 propter
1849 1992 2058 2028 Dominum.

1257 2040 1312 2073 13.
1349 2039 1397 2074 Et
1422 2041 1534 2085 capite
1559 2049 1680 2076 octavo
1708 2044 1854 2086 angelus
1884 2045 2079 2080 sciscitatur
2103 2047 2146 2079 dc

1150 2097 1307 2134 tempore
1341 2091 1453 2125 futuri
1486 2098 1649 2132 eventus,
1680 2093 1724 2126 ab
1754 2094 1823 2126 alio
1857 2097 2009 2139 quodam
2035 2097 2145 2131 collo-

1150 2148 1299 2186 quente,
1328 2154 1431 2187 quern
1456 2143 1618 2177 nominat
1636 2140 1903 2183 Psalmoni,
1932 2146 1966 2179 id
1987 2153 2056 2187 est,
2084 2149 2146 2181 ad-

1148 2192 1367 2234 mirabilem,
1396 2194 1456 2238 qui
1474 2206 1603 2237 gnarus
1621 2201 1669 2228 est
1687 2196 1824 2228 consilii
1842 2196 1967 2237 amni,
1996 2205 2027 2232 et
2044 2209 2146 2243 supe-

1148 2244 1222 2277 rior
1241 2250 1291 2278 est
1307 2245 1476 2278 creaturis
1492 2245 1668 2281 omnibus,

1253 2302 1310 2337 14.
1344 2302 1472 2337 Coram
1500 2303 1607 2346 igitur
1633 2304 1729 2337 videt
1753 2304 1899 2345 Daniel,
1933 2313 1966 2339 et
1988 2307 2085 2341 audit
2111 2316 2143 2342 et

1148 2355 1307 2397 agnoscit
1329 2355 1439 2387 fllium
1457 2353 1544 2393 Dei,
1578 2355 1667 2388 sicut
1683 2354 1743 2389 alii
1766 2363 1880 2399 patres
1899 2357 2002 2391 inulti
2021 2359 2144 2391 audie-

1149 2411 1233 2439 runt
1251 2405 1526 2450 colloquentem.

1255 2461 1315 2497 15.
1347 2461 1394 2497 Et
1412 2460 1533 2496 Iohan.
1550 2461 1586 2497 5.
1603 2460 1765 2496 Christus
1785 2463 1859 2507 ipse
1878 2464 2011 2509 inquit:
2039 2466 2142 2501 Pater

1148 2525 1246 2548 meus
1262 2526 1373 2559 usque
1389 2514 1494 2547 modo
1512 2520 1695 2557 operatur,
1723 2521 1756 2548 et
1771 2526 1833 2557 ego
1851 2527 1989 2559 operor.

1254 2574 1308 2606 16.
1341 2572 1474 2606 Omnia
1500 2573 1607 2616 igitur
1633 2584 1737 2616 opera
1760 2572 1826 2608 Dei
1855 2583 1949 2610 extra
1975 2577 2142 2609 divinita-

1149 2631 1237 2664 tem,
1265 2624 1468 2668 praetersta,
1495 2625 1689 2668 praesentia
1712 2631 1744 2658 et
1768 2625 1906 2663 futura.
1943 2627 2140 2660 communia

110 2678 178 2712 alia
200 2674 295 2709 natio
318 2681 388 2708 tam
411 2674 570 2717 grandis,
597 2686 686 2719 quae
706 2672 834 2710 habeat
850 2674 942 2711 Deos
967 2686 1097 2720 appro-
1119 2664 1125 2723 l
1150 2682 1230 2709 suut
1249 2675 1362 2709 tribus
1380 2675 1549 2719 personis.

162 2729 339 2761 mamurii.
362 2727 465 2761 Orati.
496 2726 671 2760 Vot.X11.

1551 2724 1598 2759 34
