2324 2955
192 113 265 147 719

189 197 405 230 confirmatio
424 201 472 226 est
488 193 643 236 piorum:
672 202 750 223 cum
766 190 942 229 videmus,
967 186 1063 223 hunc
1079 190 1165 224 suis-

190 260 225 281 se
257 243 537 279 monarchiarum
567 241 727 274 ordinem
760 247 794 274 et
824 239 1096 281 successionem,
1127 246 1168 273 ut

189 296 419 341 praedicitur,
445 305 517 325 non
533 291 752 331 dubitemus,
777 297 1008 335 sequuturum
1025 301 1097 324 esse
1112 290 1169 323 iu-

190 346 331 379 dicium.
385 343 442 376 Sic
460 349 574 376 autem
590 348 823 375 numerantur
838 337 1076 375 monarchiae.

292 397 325 428 1.
365 393 483 427 Prima
508 400 558 426 est
584 390 863 428 Chaldaeorum,
889 402 958 436 qua
983 397 1016 424 et
1032 389 1168 436 Assyrii

188 444 297 478 vicini
316 441 676 488 comprehenduntur.
719 441 808 474 Nam
826 441 911 474 alias
930 440 1046 474 statim
1066 441 1168 474 initio

189 495 402 540 potentiores
428 495 571 527 fuerunt
594 503 690 535 reges
714 492 751 524 in
770 491 974 537 Babylone,
1000 491 1085 524 alias
1116 492 1170 523 vi-

192 545 260 579 cini
285 556 380 588 reges
408 545 446 576 in
463 543 602 579 Ninive.
655 542 726 575 Nec
751 542 898 575 dubium
922 547 990 582 est,
1016 539 1170 586 Babylo—

192 607 273 629 nem
293 602 324 628 et
341 594 493 628 Niniven
511 594 665 626 diversas
682 593 787 626 urbes
810 603 895 626 esse.

293 647 328 679 2.
370 645 528 678 Secunda
556 644 685 676 dicitur
709 639 970 676 Persarum.

294 696 328 728 3.
377 694 498 728 Tertia
528 692 720 727 Alexandri
753 699 786 726 et
820 692 1062 736 proximorum
1095 702 1172 724 suc—

193 757 378 781 cessorum.

295 795 330 830 4.
378 794 512 838 Quarta
549 793 813 834 Romanorum,
856 804 959 838 quam
1002 791 1174 834 significat

194 846 320 880 Daniel
345 846 486 878 tandem
510 845 769 877 dilacerandam
793 853 881 884 esse,
909 849 942 876 et
962 843 1067 886 pedes
1092 853 1174 885 par—

194 897 257 930 tim
274 898 420 935 ferreos,
447 895 573 939 partim
598 895 709 927 luteos
725 895 811 928 fore.
864 891 942 926 Etsi
959 892 1020 925 alii
1042 893 1174 924 ferreos

195 948 299 991 pedes
318 946 522 988 intelligunt
536 956 682 988 regnum
702 943 893 977 Turcicum
905 969 915 983 ‚
948 949 1101 976 caeteros
1117 942 1174 974 lu—

196 1004 269 1031 teos
296 997 416 1040 pedes:
453 1003 568 1029 tamen
598 1005 660 1036 ego
689 993 867 1032 existimo,
902 992 1094 1025 Turcicum
1118 1003 1174 1024 re-

194 1058 322 1090 gnum,
355 1046 451 1090 quod
472 1044 671 1077 manifestas
694 1041 929 1086 blasphemias
953 1049 1075 1074 contra
1095 1053 1175 1073 ver-

196 1099 280 1130 bum
312 1093 402 1128 Dei
433 1095 634 1138 profitetur,
669 1099 703 1125 et
726 1104 765 1125 ex
789 1092 944 1135 professo
967 1091 1083 1123 delere
1108 1102 1174 1123 no-

197 1158 279 1179 men
303 1140 486 1179 Christi
508 1149 670 1183 conatur,
696 1153 769 1174 non
783 1140 1009 1174 annumerari
1031 1151 1175 1172 monar-

197 1195 300 1234 chiis,
328 1207 412 1241 quas
433 1193 527 1228 Deus
550 1194 665 1236 legum
689 1198 721 1225 et
745 1191 951 1235 disciplinae
970 1201 1072 1223 causa
1090 1201 1175 1222 con-

197 1247 322 1282 stituit.
375 1245 442 1279 Sed
459 1245 588 1277 ferreos
605 1243 710 1286 pedes
725 1242 884 1284 intelligo
900 1241 1035 1285 aliquot
1052 1247 1176 1284 poten-

197 1304 247 1330 tes
281 1298 507 1339 imperatores
540 1292 788 1331 Germanicos,
830 1299 869 1325 ut
899 1290 1064 1325 Carolum
1100 1290 1175 1333 pri-

196 1358 312 1386 mum,
342 1344 565 1378 Ludovicum
597 1343 730 1383 filium,
767 1341 963 1375 Henricum
990 1340 1174 1380 saxonem,

197 1408 300 1441 quem
321 1395 446 1429 usitate
462 1392 645 1437 Aucupem
671 1392 870 1428 nominant.
921 1390 1065 1424 Veteres
1084 1389 1175 1423 Ger-

196 1447 353 1480 manicae
387 1443 554 1479 historiae
582 1443 770 1476 nominant
802 1454 882 1476 eum
907 1440 1105 1480 Humilem,
1137 1447 1176 1474 ut

198 1497 247 1530 sic
271 1496 397 1529 dicam.
459 1493 596 1528 Deinde
624 1490 822 1534 osthenes,
837 1492 1044 1525 *Henricum
1066 1492 1175 1524 Bom-

198 1548 412 1590 bergensem.
472 1543 595 1577 Postea
621 1544 763 1577 fuerunt
789 1543 892 1576 multi
919 1541 1176 1579 imbecilliores,

200 1609 287 1642 quos
307 1595 504 1638 significant
530 1593 616 1628 lutei
647 1594 762 1637 pedes,
813 1593 883 1626 Sed
906 1592 1005 1625 mixti
1035 1592 1176 1624 fuerunt

200 1655 233 1680 et
256 1648 360 1680 sortes
383 1645 581 1689 Principes,
615 1644 676 1688 qui
702 1655 754 1676 res
778 1643 881 1676 utiles
905 1648 1103 1685 gesserunt,
1137 1648 1175 1674 ut

199 1695 387 1731 Lotharius
406 1695 507 1730 Saxo.
552 1694 642 1727 Nam
659 1693 848 1726 Turcicum
869 1692 1056 1735 imperium
1075 1702 1175 1734 pror-

202 1759 259 1780 sus
282 1759 300 1779 a
323 1743 537 1779 monarchiis
559 1744 723 1786 sehmgo,
751 1754 835 1787 quas
855 1740 979 1774 Deus
1003 1741 1119 1783 legum
1143 1747 1177 1773 et

200 1797 406 1841 disciplinae
421 1807 521 1828 causa
540 1794 730 1827 constituit.

300 1847 391 1880 Sunt
407 1846 512 1888 igitur
528 1844 717 1889 peculiares
739 1842 989 1886 descriptiones
1005 1841 1175 1873 Turcicae

199 1897 407 1937 tyrannidis.
467 1895 513 1929 Ut
546 1895 639 1938 apud
665 1890 885 1926 Ezechielem
916 1888 1099 1936 prophetia
1132 1891 1174 1923 de

200 1938 279 1990 Gog
304 1953 336 1980 et
359 1945 487 1988 Magog
512 1944 653 1988 proprie
685 1945 728 1976 ad
752 1942 886 1976 Turcas
910 1942 1070 1985 pertinet.
1126 1939 1175 1974 Et

199 2010 309 2032 cornu
333 1997 479 2041 loquens
502 1992 755 2039 blasphemias,
788 2000 821 2027 et
846 1999 1029 2026 conterens
1050 1990 1174 2024 Eccle-

199 2049 285 2082 siam
311 2047 403 2091 apud
426 2045 627 2084 Danielem,
654 2045 697 2077 sle
722 2050 794 2078 toto
812 2041 1049 2077 Mahometico
1067 2053 1174 2084 regno

200 2098 441 2131 concionatur.
494 2095 690 2139 Singularis
707 2095 806 2128 furor
826 2101 876 2127 est
893 2100 989 2127 ortus
1007 2105 1024 2126 a
1051 2093 1175 2125 diabo-

200 2149 243 2181 lis
261 2149 296 2181 iu
315 2146 379 2181 hac
395 2147 518 2181 ultima
536 2152 672 2179 senecta
697 2144 837 2185 mundi,
864 2143 937 2177 Deo
954 2143 1175 2187 permittente

201 2205 344 2242 propter
386 2195 571 2230 horribilia
618 2193 802 2228 hominum
847 2200 1004 2238 peccata,
1053 2200 1174 2237 tyran-

202 2249 257 2281 nis
272 2244 546 2291 stlahomelica,
581 2245 761 2279 dissimilis
783 2244 941 2277 omnium
967 2255 1173 2283 regnorum:

201 2298 283 2343 quia
306 2310 344 2331 ex
362 2299 514 2341 professo
531 2303 678 2331 conatur
692 2296 808 2329 delere
825 2306 953 2327 nomen
979 2288 1041 2327 Ch
1055 2291 1175 2329 ris-ti,

199 2348 271 2382 Nec
287 2355 388 2381 ornat
402 2359 509 2390 genus
525 2346 720 2381 humanum
738 2346 873 2388 legibus
895 2351 954 2378 aut
971 2344 1172 2386 disciplina:

200 2398 268 2433 Sed
286 2404 395 2431 vastat
411 2399 531 2431 orbem
545 2405 736 2435 terrarum,
765 2403 802 2429 ut
819 2401 851 2428 et
873 2407 1003 2429 nomen
1023 2392 1088 2428 Tu
1100 2405 1172 2427 νεα

200 2449 429 2483 vastationem
447 2460 504 2481 seu
523 2454 728 2481 vastatorem
743 2446 928 2489 significat.

300 2498 354 2532 Sit
387 2505 501 2532 autem
534 2505 627 2540 grata
659 2497 763 2530 nobis
794 2496 1044 2535 consideratio,
1078 2496 1173 2541 quod

199 2548 293 2583 Deus
310 2555 342 2582 et
359 2547 603 2581 Germanicam
630 2553 765 2589 gentem
783 2545 849 2581 hoc
873 2545 1009 2580 honore
1025 2546 1174 2587 ornavit,
1197 2549 1199 2596 ¹I

200 2607 237 2633 ut
253 2599 418 2643 reliquias
435 2597 615 2632 Romanae
633 2595 856 2631 monarchiae
879 2609 954 2631 eam
975 2605 1112 2635 tenere,
1140 2603 1173 2630 et
1197 2598 1199 2649 ξ

200 2650 404 2694 praecipuos
429 2660 500 2682 esse
521 2647 680 2682 custodes
704 2645 866 2692 Europae
888 2648 1049 2684 voluerit.
1101 2646 1172 2681 Nec
1196 2654 1198 2685 ‚l

435 107 641 145 SCRIPTA
669 106 744 142 PH.
771 104 886 141 MEL.
911 103 978 139 AD
1006 104 1131 140 HlST.
1158 104 1301 142 PROF.
1328 103 1394 139 ET
1420 102 1606 142 PHILOS.
1633 104 1952 142 SPECTANTIA.

2117 107 2193 142 720

1217 190 1364 223 dubium
1390 195 1459 226 est,
1486 188 1606 223 Italiae
1630 197 1708 234 post
1732 190 1853 234 longas
1877 191 2086 225 vastationes
2104 192 2198 225 salu—

1218 249 1327 275 tarem
1359 251 1476 282 pacem
1511 246 1545 272 et
1575 248 1779 274 ornamenta
1804 241 1920 273 civilia
1943 242 2100 275 restituta
2127 253 2199 274 esse

1218 290 1337 325 Caroli
1366 296 1398 322 et
1429 288 1602 322 Ludovici
1631 291 1777 329 virtute,
1813 299 1845 325 et
1868 292 1911 324 ab
1941 289 1996 324 his
2021 292 2198 325 defensam

1220 353 1291 374 esse
1320 339 1473 373 Galliam
1506 347 1539 373 et
1568 338 1813 379 Germaniam,
1848 341 2002 385 depulsis
2035 352 2054 375 a
2082 339 2199 375 Gallia

1221 390 1420 429 Saracenis,
1455 397 1488 424 et
1513 402 1532 423 a
1554 389 1745 423 Germania
1770 390 1938 434 Ungaris,
1967 398 2106 424 ornatas
2129 402 2200 424 esse

1221 440 1411 480 Ecclesias‚
1439 446 1473 473 et
1489 441 1632 473 excitata
1652 441 1890 474 doctrinarum
1907 443 2041 485 studia,
2068 454 2145 474 cum
2164 441 2200 473 in

1222 490 1380 535 Aegypto
1401 496 1434 522 et
1462 490 1499 522 in
1514 487 1666 533 Aplirica
1693 491 1831 534 penitus
1853 492 1984 525 deletae
2003 499 2115 526 essent
2131 490 2201 524 Ec—

1223 542 1364 578 clesiae,
1393 540 1479 573 etin
1492 539 1611 573 Asiam
1630 541 1736 573 infusi
1753 548 1866 574 essent
1882 540 2046 575 Saraceni
2063 549 2095 575 et
2106 541 2201 574 Tur-

1223 593 1273 630 ci,
1301 591 1361 635 qui
1389 590 1437 624 ibi
1466 603 1605 635 quoque
1630 591 1795 625 delebant
1817 589 1991 624 Ecclesias
2018 599 2051 625 et
2075 592 2202 624 literas.

1224 641 1271 676 Ut
1296 642 1402 683 igitur
1426 641 1462 673 in
1479 639 1621 684 Europa
1644 641 1813 686 reliquiae
1829 639 2005 674 Ecclesiae
2021 649 2053 675 et
2071 641 2203 674 doctri-

1224 704 1349 724 narum
1375 697 1616 730 servarentur,
1643 703 1764 724 rursus
1790 692 1837 724 ibi
1860 692 2030 725 divinitus
2054 688 2202 735 pulchra

1225 742 1426 775 coniunctio
1447 741 1536 774 facta
1561 747 1629 778 est,
1664 740 1805 782 ltaliae,
1835 740 1972 775 Galliae
1995 748 2028 776 et
2052 741 2203 775 Germa-

1225 793 1322 833 niae,
1351 804 1437 836 quae
1458 791 1502 824 ab
1519 803 1590 824 uno
1607 785 1670 824 Ca
1682 789 1780 824 rolo
1796 792 2022 833 tenebantur,
2048 792 2108 837 qui
2125 798 2203 825 tan-

1225 854 1329 887 quam
1361 839 1550 875 monarcha
1581 848 1655 875 erat
1685 840 1868 885 Europae,
1901 849 1935 876 et
1959 849 2072 876 custos
2101 842 2204 886 pacis,

1225 892 1425 935 religionis,
1459 892 1574 934 legum
1604 899 1636 926 et
1659 892 1876 936 disciplinae.
1937 892 2058 926 Postea
2084 892 2205 925 Italiae

1226 949 1258 976 et
1270 941 1480 975 Germaniae
1495 942 1780 976 coniunctionem
1797 942 2019 976 retinuerunt
2031 940 2204 979 Othones,

1224 992 1399 1025 Henricus
1433 990 1703 1034 Bombergensis
1738 998 1770 1025 et
1800 991 1988 1026 Cunradus
2017 991 2206 1036 Spirensis.

1224 1042 1309 1074 Post
1331 1040 1426 1074 hunc
1449 1053 1527 1073 cum
1555 1042 1624 1073 iam
1641 1040 1886 1075 Romanorum
1905 1041 2115 1075 Pontificum
2142 1053 2206 1085 po-

1224 1091 1333 1124 tentia
1358 1090 1538 1128 crevisset,
1563 1091 1675 1123 suriae
1695 1091 1895 1134 pontificiae
1917 1093 2150 1125 accenderunt
2168 1092 2205 1123 in

1227 1139 1417 1173 Germania
1442 1140 1533 1172 bella
1561 1139 1694 1180 civilia,
1722 1140 1851 1185 quibus
1875 1141 2031 1183 potentia
2057 1139 2206 1173 Germa—

1225 1190 1297 1222 nici
1320 1189 1458 1233 imperii
1478 1189 1662 1233 praecipue
1679 1190 1896 1232 languefacta
1911 1196 1972 1224 est.
2013 1189 2095 1225 Non
2112 1190 2206 1223 enim

1226 1240 1350 1284 procul
1373 1241 1469 1273 abest
1492 1240 1565 1273 dies
1589 1237 1780 1283 triumphi,
1814 1239 1853 1272 in
1878 1252 1948 1286 quo
1975 1252 2010 1274 se
2032 1240 2124 1273 filius
2138 1238 2205 1273 Dei

1226 1291 1341 1334 palam
1376 1291 1536 1324 ostendet
1575 1291 1694 1332 generi
1730 1287 1901 1331 humano,
1947 1297 1980 1324 et
2013 1288 2206 1323 Ecclesiam

1226 1347 1366 1374 aeterna
1383 1341 1493 1383 gloria
1514 1341 1671 1380 ornabit,
1699 1347 1731 1373 et
1749 1352 1870 1373 omnes
1887 1340 2014 1384 impios
2037 1340 2074 1372 in
2095 1346 2205 1373 aeter-

1227 1403 1288 1424 nas
1306 1403 1434 1434 poenas
1452 1391 1601 1424 abiiciet.
1655 1390 1789 1425 Interea
1806 1397 1942 1431 tamen,
1968 1397 2008 1424 ut
2028 1391 2146 1423 minus
2163 1390 2207 1424 sit

1226 1442 1486 1479 confusionum,
1510 1441 1704 1485 optandum
1722 1448 1790 1482 est,
1818 1447 1856 1474 ut
1867 1440 2046 1484 Principes
2064 1441 2100 1473 in
2115 1439 2205 1473 Ger-

1226 1492 1342 1524 mania
1363 1489 1428 1524 hoc
1448 1493 1552 1524 decus
1565 1491 1736 1534 sapientia
1751 1498 1782 1524 et
1794 1491 1923 1524 virtute
1940 1496 2116 1531 tueantur,
2142 1501 2206 1522 nec

1227 1541 1371 1584 privatis
1410 1542 1595 1575 discordiis
1632 1540 1858 1574 Germaniam
1897 1541 1964 1584 ipsi
2002 1541 2205 1574 dilacerent.

1227 1591 1326 1624 Hane
1349 1604 1465 1624 curam
1492 1591 1714 1635 praecipuam
1732 1603 1803 1624 esse
1823 1592 2004 1634 oportebat
2023 1591 2150 1624 summi
2169 1591 2206 1622 in

1227 1642 1328 1674 terris
1352 1641 1519 1679 Senatus,
1557 1641 1718 1674 videlicet
1748 1641 1886 1682 collegii
1919 1639 2207 1680 Electorum,

1225 1698 1263 1724 ut
1280 1690 1423 1733 Europa
1447 1698 1481 1723 et
1498 1698 1601 1734 caput
1625 1698 1658 1724 et
1675 1691 1765 1723 vires
1783 1688 1923 1723 haberet
1942 1697 2062 1724 contra
2079 1689 2206 1722 Turci-

1226 1753 1299 1773 eam
1324 1741 1541 1780 barbariem,
1575 1747 1607 1773 et
1636 1747 1827 1785 tyrannos,
1860 1741 1920 1785 qui
1950 1741 2081 1773 iniusta
2114 1741 2203 1773 bella

1226 1797 1386 1828 movent,
1424 1790 1619 1834 perniciosa
1652 1790 1717 1823 toti
1748 1787 1925 1834 Europae.
1984 1789 2055 1823 Nos
2090 1798 2205 1823 autem

1227 1839 1341 1873 Deum
1360 1840 1565 1873 ardentibus
1582 1840 1673 1873 votis
1690 1847 1723 1874 et
1739 1841 1924 1883 gemitibus
1938 1852 2119 1884 precemur
2131 1867 2139 1879 ‚
2167 1847 2207 1873 ut

1226 1891 1262 1922 in
1281 1888 1345 1923 hac
1369 1891 1572 1924 turbulenta
1588 1897 1725 1924 senecta
1750 1891 1875 1923 mundi
1903 1897 1935 1924 et
1958 1891 2070 1924 ruinis
2094 1891 2205 1934 impe-

1226 1941 1359 1974 riorum
1376 1948 1488 1974 servet
1503 1941 1620 1985 aliqua
1638 1939 1814 1974 Ecclesiae
1830 1938 1998 1985 hospitia,
2025 1948 2058 1974 et
2076 1941 2206 1974 tribuat

1226 1992 1274 2024 eis
1291 1992 1478 2026 salutarem
1495 1991 1798 2034 gubernationem.

1422 2083 1608 2110 Annorum
1631 2083 1755 2110 series
1777 2090 1819 2109 ex
1843 2082 2014 2110 Philone.

1327 2141 1430 2175 Mille
1445 2141 1595 2174 sexcenti
1609 2141 1864 2186 quinquaginta
1881 2152 1938 2174 sex
1954 2142 1995 2174 ad
2016 2141 2203 2176 diluvium.

1324 2191 1475 2226 Ducenti
1498 2192 1689 2236 nonaginta
1710 2192 1779 2224 duo
1800 2192 1842 2224 ad
1867 2189 2046 2225 Abrabam
2071 2197 2201 2224 natum.

1326 2242 1585 2286 Quadringenti
1627 2242 1752 2286 viginti
1787 2241 1942 2287 quinque
1982 2242 2024 2274 ad
2061 2241 2200 2275 Moisen

1225 2299 1356 2326 natum.

1326 2341 1540 2387 Octuaginta
1565 2343 1608 2376 ad
1633 2341 1765 2375 exitum
1789 2353 1827 2374 ex
1850 2339 2022 2387 Aegypto.

1326 2393 1587 2438 Quadringenti
1613 2392 1810 2434 octuaginta
1837 2392 1880 2425 ad
1909 2392 2076 2437 templum
2099 2391 2200 2427 Salo-

1223 2445 1351 2478 monis.
2035 2454 2037 2457 ⁴

1323 2493 1475 2528 Centum
1510 2494 1654 2537 triginta
1685 2497 1778 2525 octo:
1815 2492 1858 2525 ad
1890 2503 2004 2536 regem
2037 2491 2134 2534 loas,
2168 2500 2200 2527 et

1223 2545 1326 2578 finem
1345 2545 1463 2589 stirpis
1476 2543 1687 2578 Salomonis.

1323 2595 1476 2629 Ducenti
1506 2593 1696 2636 nonaginta
1726 2603 1834 2626 unus:
1875 2593 1919 2628 ad
1953 2593 2197 2637 migrationem

1222 2653 1450 2690 spontaneam
1474 2643 1642 2679 Ieconiae.
