2324 2955
125 95 200 132 465

125 188 201 215 tuas
218 190 353 224 preces,
380 185 524 224 propter
541 177 650 212 filium
668 175 754 218 Dei,
781 178 870 213 sicut
887 178 1003 224 inquit
1021 177 1111 222 ipse:

124 231 310 276 Quidquid
330 231 498 274 petieritis
516 236 649 274 patrem
670 229 706 261 in
723 230 867 263 nomine
883 241 963 262 meo
981 236 1043 261 etc.

230 281 285 314 13.
315 282 392 315 Nisi
410 280 607 324 praeluceat
623 277 707 313 haec
721 280 806 313 fides
822 281 858 313 in
876 279 1109 323 invocatione,

121 333 277 376 precatio
296 339 345 365 est
361 331 487 366 inanis.

227 381 286 415 14.
323 380 365 415 In
390 379 456 414 hoc
482 381 647 415 exercitio
673 381 784 415 disces
802 393 918 415 veram
937 391 1009 414 esse
1026 392 1109 425 pro-

122 432 337 476 positonem,
379 432 520 476 proprie
548 433 745 477 loquendO,
783 431 866 466 Sola
893 433 958 466 fide
991 443 1107 465 coram

119 482 195 516 Deo
209 482 311 523 iusti,
340 482 375 515 id
393 490 459 523 est,
483 483 614 527 accepti
631 493 691 515 seu
706 483 923 516 reconciliati
940 494 1073 516 sumuS.

222 531 280 567 15.
315 531 362 568 Et
387 540 502 567 tamen
527 532 706 566 verissima
726 540 776 567 est
792 533 1007 578 propositio,
1035 532 1108 568 Re-

118 582 345 618 conciliatum
370 595 508 617 necesse
531 590 580 617 est
605 581 732 617 hahere
749 584 920 618 incoatam
938 584 1108 617 obedien—

117 635 202 669 tiam
219 634 455 678 spiritualem,
482 640 515 667 et
532 634 706 668 iusticiam
722 634 836 668 bonae
852 634 1093 669 conscientiae.

223 685 279 720 16.
313 683 451 719 Amissa
477 684 614 718 iusticia
636 685 751 719 bonae
769 685 1021 725 conscientiae,
1047 696 1106 717 ex-

116 736 249 770 cutitur
278 736 382 773 fides,
426 741 459 769 et
491 735 665 769 amittitur
697 736 827 780 gratia,
866 737 962 770 iuxta
996 735 1104 768 illud:

116 786 263 821 Summa
277 786 437 820 mandati
451 786 592 820 dilectio
610 799 649 820 ex
665 788 770 820 corde
785 799 893 832 puro,
920 786 1104 820 conscien-

115 838 164 870 tia
181 837 295 878 bona,
322 843 355 870 et
372 837 440 870 fide
456 849 527 870 non
545 838 633 871 ficta.

218 886 277 922 17.
314 887 407 922 Vera
430 895 481 922 est
505 888 720 932 propositio,
748 895 781 922 et
800 888 835 921 in
853 895 978 933 quarto
996 887 1102 921 modo

114 938 256 972 dicendi
278 950 340 983 per
361 950 412 972 se:
447 938 532 973 Sola
550 939 731 972 voluntate
752 939 934 980 volumus,
967 938 1103 973 etiamsi

113 990 278 1023 voluntas
303 1001 487 1034 nunquam
509 996 560 1022 est
584 989 677 1029 sola,
705 990 764 1023 sed
789 1000 925 1033 semper
948 1001 1026 1023 cum
1048 989 1103 1022 in-

111 1039 252 1074 tellectu
279 1040 477 1076 coniuncta.
530 1038 582 1073 Ita
607 1050 689 1073 vera
714 1047 764 1074 est
781 1040 992 1084 propositio:
1020 1039 1102 1073 Sola

111 1090 180 1123 fide
210 1101 330 1124 sumus
359 1091 463 1132 iusti,
498 1090 533 1124 id
564 1097 636 1131 est,
669 1091 821 1135 accepti,
858 1091 994 1124 etiamsi
1018 1090 1102 1124 fides

112 1153 297 1186 nunquam
315 1147 366 1174 est
380 1142 464 1175 sola.

217 1191 274 1228 18.
301 1191 374 1225 Nec
393 1198 509 1226 tamen
527 1192 570 1224 de
581 1189 698 1224 verbis
713 1190 903 1235 litigamus,
937 1190 1029 1226 Rem
1045 1203 1101 1225 re-

113 1242 226 1275 tinere
250 1242 430 1286 cupimus,
457 1249 496 1275 ut
520 1242 721 1283 intelligant
744 1242 858 1275 bonae
885 1250 1037 1283 mentes,
1067 1254 1101 1276 se

112 1290 242 1325 habere
271 1292 589 1334 condonationem,
624 1299 657 1325 et
687 1292 824 1335 placere
853 1291 928 1325 Deo
959 1300 1103 1336 propter

112 1342 225 1375 filium
250 1342 379 1387 ipsius,
405 1343 489 1383 fide,
517 1354 590 1375 non
614 1348 756 1386 propter
781 1343 910 1386 legem,
939 1353 999 1375 seu
1018 1355 1101 1387 pro-

111 1393 269 1436 priarum
286 1393 456 1426 virtutum
475 1392 691 1435 dignitatem.

217 1442 275 1477 19.
308 1441 379 1475 Nec
399 1442 549 1475 dubium
573 1448 640 1481 est,
677 1439 771 1474 hunc
795 1453 867 1475 esse
891 1454 1100 1476 consensum

109 1490 336 1537 propheticae
372 1498 404 1525 et
442 1491 653 1535 apostolicae
690 1491 903 1535 scripturae,
947 1493 1037 1526 sicut
1069 1500 1101 1526 et

110 1542 234 1577 Petrus
252 1543 289 1575 in
301 1541 397 1576 Actis
416 1542 588 1577 adfirmat.

212 1594 274 1630 20.
313 1593 400 1627 Ideo
427 1592 632 1626 detestanda
661 1598 712 1625 est
736 1592 1019 1625 adversariorum
1042 1604 1099 1626 ra-

108 1645 185 1678 bies
210 1651 243 1678 et
265 1643 475 1688 pertinacia,
503 1644 563 1688 qui
583 1643 752 1676 damnant
771 1640 831 1675 has
848 1643 1039 1676 sententias
1056 1645 1098 1676 de

110 1696 198 1735 fide,
230 1705 269 1727 ac
295 1694 439 1736 insuper
464 1694 586 1727 iubent
609 1693 790 1733 dubitare,
825 1700 859 1726 et
885 1694 1096 1727 vocabulum

111 1745 191 1778 fidei
215 1745 425 1788 depravant,
459 1756 528 1788 quo
554 1756 626 1776 non
650 1744 746 1777 aliud
772 1743 993 1788 intelligunt,
1028 1745 1096 1777 nisi

109 1796 362 1840 professionem
379 1791 544 1827 historiae
561 1795 603 1826 de
620 1791 774 1829 Christo.

211 1847 272 1880 21.
300 1845 381 1879 Non
399 1852 448 1879 est
465 1842 700 1890 synecdoche,
729 1856 808 1877 cum
825 1844 973 1878 dicitur:
1009 1845 1096 1879 Fide

109 1897 357 1937 iustificamur‚
385 1896 444 1929 sed
464 1896 604 1940 proprie
621 1895 668 1928 sic
694 1895 840 1929 dicitur:
867 1893 913 1929 Et
940 1896 1023 1929 fides
1049 1898 1096 1929 si-

108 1948 250 1991 gnificat
272 1946 435 1980 fiduciam
459 1946 718 1979 misericordiae
740 1946 932 1990 promissae
953 1954 1096 1990 propter

109 2000 222 2033 filium
233 1996 310 2033 Dei.
348 1997 443 2031 Haec
461 1998 543 2030 fides
561 1997 716 2030 intuetur
732 1996 1020 2041 promissionem,
1048 1998 1095 2030 si-

109 2057 167 2084 cut
183 2048 312 2083 Paulus
327 2047 456 2082 Roma.
476 2047 510 2083 4.
527 2047 655 2081 docuit.

210 2100 271 2133 22.
305 2098 404 2133 Finis
422 2096 577 2132 hominis
594 2110 665 2131 non
682 2105 731 2132 est
745 2099 924 2144 volupta5‚
951 2105 990 2132 ut
1007 2096 1095 2142 Epi-

108 2163 213 2186 curus
242 2150 375 2195 inquit,
416 2156 448 2183 et
483 2161 547 2182 vox
579 2149 638 2181 illa
670 2147 834 2193 Epicuri,
876 2161 982 2194 quam
1013 2150 1095 2183 citat

108 2200 330 2240 Athenaeus,
358 2212 431 2233 non
454 2207 523 2234 tam
544 2197 699 2232 hominis
718 2207 786 2239 est,
814 2212 919 2246 quam
940 2201 1095 2244 pecudis,

110 2249 287 2298 ἀρχὴκαὶ
311 2249 394 2296 ῥίζα
417 2248 554 2289 παντὸς
585 2249 737 2297 ἀγαθοῦ
770 2248 790 2296 ἡ
822 2253 908 2289 τοῦς
936 2248 1096 2297 γαστρὸς

110 2300 245 2348 ἡδονὴ,
278 2300 341 2337 καὶ
363 2299 408 2336 τὰ
434 2300 533 2348 σοᾳὰ
558 2299 602 2335 τὰ
624 2298 776 2347 περισσὰ
795 2300 851 2336 ἐπὶ
868 2299 1008 2347 ταύτην
1026 2301 1095 2346 ἔχει

109 2352 177 2398 τὴν
195 2350 404 2400 ἀναφορὰν.

213 2404 273 2438 23.
309 2404 380 2438 Nec
398 2402 598 2438 Aristotelis
622 2403 796 2438 sententia
820 2404 863 2436 de
888 2404 956 2436 fine
980 2403 1096 2436 bono-

109 2466 188 2489 rum
223 2456 356 2497 integra
387 2461 455 2495 est,
488 2466 568 2486 nam
602 2462 634 2488 et
666 2466 765 2487 verae
790 2455 937 2488 rationis
963 2454 1094 2487 iudicio

110 2507 189 2540 finis
220 2512 271 2539 est
304 2503 475 2546 hominis,
514 2503 628 2538 Deum
661 2506 854 2546 celebrare,
887 2512 920 2539 et
951 2512 1095 2549 propter

109 2555 223 2590 Deum
241 2562 330 2589 recta
347 2556 468 2590 facere.

211 2605 270 2640 24.
304 2605 382 2640 Iloc
405 2606 573 2640 iudicium
599 2614 717 2640 manet
741 2606 776 2640 in
795 2613 930 2645 mente,
959 2606 1093 2639 etiamsi

110 2658 145 2690 in
166 2655 230 2690 hac
247 2664 390 2692 naturae
408 2657 654 2699 depravatione
670 2670 742 2692 non
761 2658 948 2703 acquiescit
967 2657 1092 2690 volun-

160 2706 343 2741 ΜειΑετιι.
372 2710 474 2740 Orzn.
502 2709 583 2741 Vox„
613 2710 687 2741 Xll.

768 91 1030 128 PIIILIPPI
1065 89 1517 133 MELANTHONIS.

2083 106 2155 144 466

1169 182 1219 210 tas
1245 178 1279 210 in
1297 176 1392 219 Deo,
1423 181 1475 213 vel
1498 180 1578 225 quia
1604 182 1645 215 de
1671 184 1893 227 providentia
1917 188 2074 232 dubitat,
2097 194 2153 226 vel

1170 229 1249 273 quia
1266 230 1354 272 fugit
1370 229 1482 263 Deum
1499 232 1683 269 offensum.

1267 280 1327 315 25.
1361 279 1467 314 Ratio
1485 294 1666 318 causarum
1684 288 1853 329 ostendit,
1880 290 2152 327 celebrationem

1162 328 1248 368 Dei,
1277 330 1380 363 finem
1405 342 1476 364 esse
1500 329 1674 374 hominis,
1703 337 1783 381 quia
1802 346 1926 374 natura
1945 344 2084 377 condita
2102 351 2152 379 est

1163 381 1313 413 debitrix
1331 382 1524 424 conditori,
1553 391 1583 418 et
1602 382 1707 419 homo
1723 389 1765 420 ad
1784 389 1970 433 imaginem
1984 392 2048 426 Dei
2066 406 2152 428 con-

1162 430 1256 488 ditus
1278 438 1348 472 est,
1375 443 1457 475 ergo
1476 433 1590 468 lucere
1610 434 1724 469 Deum
1743 438 1777 470 in
1798 439 1857 473 illa
1876 441 2027 485 imagine
2044 456 2151 490 opor-

1163 488 1242 517 tuit.

1262 532 1322 566 26.
1357 532 1427 567 Lex
1450 540 1595 568 naturae
1613 541 1663 569 est
1680 547 1759 580 pars
1778 537 1940 584 imaginis
1959 541 2044 586 Dei,
2066 552 2149 580 tunc

1160 582 1254 616 enim
1273 583 1386 627 imago
1404 585 1562 619 mutilata
1580 592 1640 620 est.

1262 691 1404 741 (XVI.)
1431 696 1536 730 Alia
1565 695 1856 742 disputatio:
1883 700 1930 736 de
1945 703 2049 740 Fide.

1158 762 1371 804 Rectissime
1389 778 1420 805 et
1433 771 1637 806 suavissime
1655 772 2037 813 dicitChrvsostomus:
2062 779 2149 815 Fide

1158 830 1232 851 nou
1257 821 1370 853 solum
1396 822 1575 865 diligimus
1598 823 1732 864 Deum,
1760 816 1832 860 sed·
1845 829 1948 862 etiam
1973 832 2149 866 credimus

1158 881 1224 902 nos
1253 871 1354 914 diligi
1386 884 1404 905 a
1432 871 1525 912 Deo,
1560 886 1764 921 quanquam
1792 879 2036 924 multipliciter
2058 894 2148 922 reos,

1158 926 1191 953 et
1208 921 1310 954 nobis
1328 923 1460 956 remitti
1476 931 1624 967 peccata.

1259 974 1294 1007 2.
1320 971 1430 1006 Recte
1445 974 1548 1007 etiam
1565 974 1662 1013 dicit,
1689 972 1786 1010 hunc
1802 978 1882 1012 fidei
1900 982 2032 1016 cultum
2047 996 2148 1028 prae-

1158 1022 1363 1057 stantiorem
1395 1035 1486 1062 esse,
1521 1037 1625 1069 quam
1656 1026 1812 1071 reliquos
1838 1030 1975 1072 cultus,
2011 1041 2051 1068 ut
2075 1047 2147 1068 non

1156 1073 1287 1114 furari,
1314 1085 1387 1106 non
1407 1075 1585 1113 occidere,
1613 1082 1645 1109 et
1661 1077 1759 1110 addit
1777 1079 1863 1112 duas
1880 1092 2010 1118 causas.

1257 1124 1292 1158 3.
1324 1123 1415 1157 Nam
1432 1125 1499 1158 fide
1516 1126 1736 1168 agnoscimus
1753 1129 1873 1174 aliquo
1891 1134 1996 1165 modo
2012 1134 2136 1170 Deum.

1259 1173 1295 1210 4.
1330 1173 1434 1208 Item:
1470 1174 1559 1209 Fide
1584 1176 1647 1210 tali
1666 1178 1855 1212 tribuimus
1873 1179 1947 1214 Deo
1972 1195 2146 1219 summam

1155 1224 1325 1267 gloriam,
1354 1227 1449 1270 quod
1474 1238 1538 1259 nos
1562 1239 1635 1260 non
1660 1228 1769 1262 simus
1793 1229 1897 1271 iusti,
1924 1234 1984 1266 sed
2007 1236 2080 1279 ipse
2102 1238 2146 1271 sit

1156 1275 1267 1308 iustus
1289 1283 1320 1309 et
1345 1276 1548 1310 iustificans.
1601 1276 1643 1310 In
1661 1280 1805 1313 caeteris
1822 1283 1989 1325 operibus
2009 1298 2079 1319 non
2097 1288 2145 1321 sic

1155 1325 1344 1358 tribuimus
1362 1325 1436 1358 Deo
1454 1327 1614 1368 gloriam.

1258 1375 1293 1410 5.
1321 1375 1379 1409 Sic
1397 1388 1468 1408 non
1487 1377 1683 1421 loquuntur
1699 1379 1741 1413 de
1759 1380 1827 1414 fide
1839 1380 2009 1426 Papistae‚
2037 1400 2145 1433 quare

1154 1437 1228 1457 non
1259 1433 1441 1469 opponant
1471 1428 1575 1460 nohis
1605 1430 1828 1464 autoritatem
1858 1441 2018 1477 patrum,
2056 1451 2144 1484 qnos

1155 1475 1283 1508 iniuste
1299 1475 1435 1517 fingunt
1452 1478 1665 1519 patrocinari
1684 1482 1864 1514 erroribus
1884 1491 1915 1517 et
1936 1480 2119 1530 impietati.

1255 1524 1290 1560 6.
1333 1523 1496 1558 Christus
1522 1526 1619 1561 iubet
1643 1528 1745 1571 diligi
1773 1531 1946 1569 inimicos.
2003 1536 2042 1570 ld
2069 1552 2141 1574 non

1152 1582 1286 1618 pugnat
1313 1587 1391 1608 cum
1418 1576 1511 1609 dicto
1532 1576 1695 1618 Pindari,
1723 1581 1785 1624 qui
1812 1582 1907 1616 iubet
1925 1586 2036 1620 amico
2055 1592 2143 1623 ami-

1153 1637 1231 1659 cum
1250 1637 1333 1666 esse,
1352 1626 1535 1660 inimicum
1546 1640 1630 1662 vero
1645 1630 1778 1663 adoriri
1794 1632 1870 1678 lupi
1887 1646 1997 1674 more.
2026 1637 2142 1676 Verba

1152 1683 1235 1710 sunt
1252 1675 1353 1710 haec:

1409 1734 1497 1775 φίλον
1525 1734 1569 1776 εἴη
1594 1738 1701 1777 φιλεῖν.

1320 1777 1399 1806 Ποτὶ
1425 1779 1457 1808 δὲ
1480 1778 1598 1819 ἐχθρὸν
1619 1778 1671 1810 ἆτε
1696 1780 1810 1821 ἐχθρὸς
1832 1783 1900 1817 ἒώι.

1317 1818 1440 1849 Λύκοιο
1468 1821 1553 1851 δίκαν
1576 1819 1801 1862 ὖποθεῦσολιιαι,

1315 1859 1396 1891 Ἀλλ’
1421 1861 1531 1894 ἄλλοτε
1555 1864 1676 1895 πατέων
1699 1864 1782 1903 ὁδοῖς
1805 1872 1950 1907 σκολιαῖς,

1253 1912 1287 1946 7.
1325 1912 1534 1949 Stomachus
1558 1917 1721 1959 frigidior
1746 1927 1796 1953 est
1819 1925 2040 1965 appetentior
2058 1927 2138 1966 cibi,

1150 1968 1182 1995 et
1201 1968 1317 1995 tamen
1338 1964 1373 1996 in
1390 1972 1518 1998 aestate
1538 1968 1755 2000 ventriculus
1773 1971 1891 2005 miuus
1908 1973 1977 2007 cibi
1995 1979 2138 2020 appetit,

1149 2025 1218 2058 quo
1238 2020 1393 2058 tempore
1410 2016 1625 2050 ventriculus
1643 2018 1805 2062 frigidior
1823 2028 1883 2055 est.

1148 2121 1324 2169 (XVII.)
1378 2125 1486 2160 Alia
1525 2125 1816 2171 disputatio:
1851 2130 1896 2164 de
1921 2131 2133 2173 discrimine

1298 2179 1583 2220 promissionum
1600 2180 1710 2225 Leyis
1729 2184 1765 2213 et
1785 2182 1982 2228 Evangelii.

1386 2226 1487 2273 (ΟΜ).
1512 2230 1605 2262 ΒᾶεἰΙ.
1624 2232 1659 2263 Τ.
1677 2231 1734 2262 ΠΙ.
1759 2245 1789 2272 p.
1807 2235 1897 2275 3¹20.)

1145 2294 1410 2335 Promissiones
1434 2302 1517 2345 legis
1541 2300 1670 2338 habent
1689 2306 1930 2342 conditionem
1950 2310 2053 2354 legis,
2077 2322 2130 2349 ut:

1147 2351 1220 2395 Qui
1239 2352 1357 2386 fecerit
1375 2365 1431 2392 ea,
1460 2354 1553 2387 vivet
1573 2355 1608 2386 in
1625 2355 1684 2388 eis.

1249 2403 1284 2438 2.
1328 2403 1518 2437 Promissio
1552 2406 1635 2438 novi
1669 2405 1886 2442 Testamenti
1921 2422 1993 2445 non
2025 2411 2130 2450 habet

1147 2453 1385 2487 conditionem
1410 2455 1509 2495 legis,
1539 2461 1704 2501 tanquam
1723 2469 1859 2492 causam
1875 2469 1934 2495 aut
1951 2465 2128 2507 meritum,

1147 2505 1205 2537 sed
1231 2511 1374 2547 propter
1389 2503 1570 2539 Christum
1593 2507 1721 2549 gratis,
1748 2521 1820 2542 non
1843 2518 1986 2556 propter
2007 2515 2128 2557 legem,

1146 2555 1249 2588 offert
1274 2555 1514 2589 remissionem
1531 2564 1768 2601 peccatorum,
1796 2563 2053 2604 reputationem
2073 2567 2128 2598 iu-

1147 2605 1280 2644 sucino,
1315 2612 1346 2638 et
1379 2606 1484 2639 vitam
1515 2614 1709 2650 aeternam,
1740 2617 1773 2644 et
1803 2609 1886 2645 haec
1913 2621 1962 2647 est
1987 2616 2126 2660 propria

1148 2656 1230 2689 novi
1249 2654 1465 2689 Testamenti
1485 2669 1544 2692 seu
1561 2656 1745 2703 Evangelii
1764 2663 1959 2706 promissio.

1439 2707 1487 2740 30
