2324 2955
109 123 182 161 653

113 221 186 249 tum
201 217 239 245 ut
256 210 451 244 subiectum
466 209 601 254 patiens
614 205 758 250 habeat,
785 216 824 244 ut
836 209 968 244 Paulus
982 208 1099 254 inquit

112 265 147 298 2.
165 259 330 296 Corinth.
351 263 399 296 1.:
428 259 649 294 Excellenter
671 261 806 294 onerati
832 261 963 294 suimus
992 271 1097 303 supra

114 313 216 353 vires,
230 319 269 346 ut
286 310 588 356 desperaverimus
605 311 648 343 de
664 311 745 345 vita.
776 310 862 345 Item
883 311 1006 346 terem.
1021 312 1097 345 10.:

114 364 194 399 Scio
212 363 384 403 Domine,
411 362 507 406 quod
524 373 596 395 non
613 369 663 396 est
681 360 837 395 hominis
857 363 912 395 via
930 362 1016 397 eius.
1050 359 1099 394 Et

115 415 338 448 manifestum
366 419 417 446 est
441 410 630 446 humanam
657 420 818 447 naturam
836 413 1004 457 imparem
1026 423 1098 445 esse

114 463 351 508 magnitudini
369 464 599 496 certaminum
625 471 658 497 et
685 463 940 507 periculorum:
975 470 1093 497 tamen

113 515 254 558 regulae
282 516 454 548 tenendae
483 521 564 548 sunt
597 515 640 547 de
674 513 852 559 plerisque
885 513 1097 554 actionibus,

114 577 202 611 quae
226 572 417 606 testantur,
454 564 587 610 aliquid
615 575 687 597 esse
711 564 778 597 loci
805 564 1010 607 diligentiae
1030 576 1096 597 no-

114 617 286 650 strae'seu
312 616 486 649 voluntati
517 615 699 648 comitanti
724 614 898 658 Spiritum
927 622 1096 655 sanctum,

113 673 152 700 ut
170 664 340 711 Ephesios
360 665 410 702 5.:
439 665 566 699 Videte
589 666 769 711 quomodo
795 672 953 700 accurate
970 665 1096 699 ambu-

111 717 205 759 letis,
233 730 305 751 non
322 724 361 751 nt
378 716 465 750 fatui
483 723 546 752 etc.

214 767 273 802 51.
308 766 354 802 Et
379 774 470 801 certe
495 773 613 800 manet
636 774 760 802 natura
776 778 965 800 nervorum
986 766 1022 799 in
1040 778 1096 800 re-

111 819 223 859 natis,
249 818 441 863 etquidem
457 830 516 852 cor
536 819 677 852 iuvatur
693 825 726 852 et
742 818 944 852 accenditur
960 817 1096 862 Spiritu

111 876 243 904 sancto.
296 868 416 914 Scipio
432 869 613 903 abstinens
630 869 674 902 ab
697 869 810 902 aliena
834 881 979 914 sponsa,
1006 869 1096 913 regit

60 957 64 965 Ι
110 927 247 954 tantum
265 920 528 955 locomotivam.
582 916 707 963 Ioseph
723 919 813 963 regit
836 920 1095 961 locomotivam,

111 972 171 1005 sed
188 971 330 1005 iuvatur
354 971 564 1014 cogitatione
580 970 679 1004 verbi
699 969 786 1011 Dei,
814 977 845 1005 et
862 970 1000 1014 Spiritu
1016 982 1095 1004 san-

111 1029 166 1057 cto
189 1022 400 1055 incendente
426 1033 486 1055 cor
502 1022 546 1055 ad
564 1021 824 1055 invocationem
839 1019 928 1063 Dei,
955 1028 989 1055 et
1005 1022 1096 1067 peti-

109 1073 243 1108 tionem
262 1072 396 1111 auxilii,
424 1079 457 1107 et
471 1073 515 1106 ad
532 1073 749 1106 intellectum
765 1083 804 1106 ac
821 1084 977 1106 amorem
992 1073 1094 1106 casti-

109 1123 202 1158 tatis.
255 1121 297 1156 In
314 1120 379 1157 hac
394 1123 507 1165 lucta,
533 1124 597 1156 etsi
619 1135 699 1156 caro
718 1123 889 1157 sentiebat
906 1123 1095 1156 infirmita—

108 1181 200 1214 tem,
227 1180 345 1208 tamen
359 1180 475 1208 mente
490 1174 596 1208 servit
612 1174 680 1217 legi
696 1173 784 1214 Dei,
812 1180 844 1207 et
868 1173 991 1206 volens
1008 1173 1094 1207 vitat

109 1225 302 1258 illecebras.
361 1223 478 1258 David
503 1225 626 1258 volens
655 1224 817 1267 indulget
842 1223 1033 1265 illecebris,
1061 1231 1094 1257 et

110 1275 263 1309 effundit
281 1274 456 1318 Spiritum
478 1282 648 1311 sanctum.
700 1273 798 1308 Haec
819 1274 1012 1308 necessaria
1029 1276 1094 1308 do-

110 1325 223 1360 ctrina
245 1325 390 1358 adsidue
412 1325 597 1369 cogitanda
619 1331 687 1365 est,
720 1331 760 1358 ut
791 1331 824 1358 et
855 1325 1037 1368 diligentia
1061 1333 1093 1359 et

109 1375 284 1410 invocatio
300 1376 547 1417 accendantur,
564 1376 652 1409 sicut
667 1375 872 1409 mandatum
890 1382 956 1409 est:
973 1375 1094 1418 Petite,

109 1435 145 1461 et
161 1426 352 1470 accipietis.
404 1424 451 1460 Et
470 1424 700 1460 Timotheum
725 1425 822 1459 iubet
843 1425 975 1459 Paulus
1001 1425 1093 1460 ἀνα-

109 1475 293 1521 ζωπυρεῖν
314 1477 447 1509 donum
463 1476 541 1513 Dei.
590 1475 639 1510 Et
663 1476 706 1508 ad
724 1473 852 1510 Ebrae.
873 1475 929 1511 12.
945 1476 1092 1510 dicitur:

109 1526 308 1560 'l‘eneamus
340 1526 510 1569 gratiam,
544 1537 608 1570 per
641 1537 746 1570 quarn
778 1526 971 1559 serviamus
1003 1527 1092 1559 bene

109 1577 282 1620 placentes
299 1575 375 1610 Deo
399 1589 478 1609 cum
504 1576 699 1609 reverentia
724 1581 757 1609 et
775 1576 950 1610 cautione.
1001 1576 1091 1609 Nam

107 1627 204 1662 Deus
226 1634 345 1660 noster
370 1627 461 1670 ignis
484 1637 695 1660 consumens
720 1632 781 1662 est.
833 1625 909 1659 Hae
934 1638 1092 1660 commo-

108 1676 325 1711 nefactioncs
343 1683 425 1710 sunt
441 1677 544 1710 utiles
558 1677 666 1718 vitae,
700 1683 733 1710 et
762 1676 913 1720 intelligi
932 1684 1090 1721 possunt.

109 1727 322 1770 Praestigiae
340 1725 594 1771 sophismatum
610 1728 653 1761 de
672 1727 872 1770 coactione,
898 1740 941 1761 ne
957 1728 1090 1762 intelli-

108 1785 259 1822 guntur,
285 1789 349 1811 nec
366 1784 447 1811 sunt
468 1778 572 1811 utiles
590 1778 695 1813 vitae.

209 1827 268 1863 52.
308 1828 527 1862 Damnamus
552 1835 585 1862 et
600 1827 808 1870 Pelagianos
824 1835 856 1863 et
874 1827 1089 1866 Pontificius,

106 1879 258 1925 Utrique
283 1879 377 1912 enim
400 1879 537 1922 fingunt
561 1889 660 1922 posse
684 1879 752 1921 legi
774 1877 842 1912 Dei
868 1879 905 1912 in
928 1878 993 1914 hac
1018 1881 1089 1914 vita

106 1930 286 1971 satisfieri,
314 1937 346 1964 et
370 1927 532 1963 homines
557 1929 683 1962 mereri
707 1929 949 1963 remissionem
967 1943 1090 1975 pecca-

106 1989 244 2022 torum,
272 1989 305 2016 et
334 1980 419 2014 istus
445 1992 517 2014 esse
540 1991 657 2014 coram
680 1979 754 2014 Deo
780 1988 925 2025 propter
945 1982 1089 2026 propria

106 2043 230 2076 opera,
270 2043 329 2065 seu
361 2037 506 2075 propter
534 2030 713 2075 proprIam
742 2032 990 2065 obedientiam.
1043 2031 1090 2067 Et

105 2083 332 2117 adfirmamus
367 2093 468 2115 verae
504 2081 681 2116 Ecclesiae
713 2082 909 2116 doctrinam
953 2094 1090 2127 semper

105 2133 229 2173 fuisse,
254 2144 327 2166 esse
343 2139 376 2166 et
393 2133 548 2166 futuram
566 2143 639 2166 esse
661 2129 774 2173 hanc,
804 2131 996 2166 Hominem
1016 2134 1089 2168 sola

105 2185 173 2218 fide
202 2195 319 2217 coram
352 2181 427 2217 Deo
460 2182 659 2224 iustificari,
703 2190 847 2228 propter
885 2184 998 2218 filium
1020 2183 1089 2219 Dei

106 2235 222 2278 gratis.

206 2283 266 2322 53.
306 2283 442 2320 Eadem
475 2292 526 2319 est
557 2286 652 2319 enim
682 2298 747 2319 vox
770 2283 1026 2331 Prophetarum
1056 2294 1089 2321 et

107 2333 378 2379 Apostolorum,
405 2337 500 2382 quod
517 2336 690 2380 accipiant
705 2337 949 2371 remissionem
966 2350 1088 2383 pecca-

107 2393 224 2419 torum
254 2393 286 2420 et
303 2386 569 2431 imputationem
586 2387 761 2429 iusticiae,
783 2394 817 2422 et
832 2388 901 2422 sint
919 2388 1000 2422 iusti
1020 2388 1089 2422 im-

105 2443 225 2481 putata
243 2436 392 2478 iusticia,
418 2444 452 2472 et
469 2438 599 2482 accepti
616 2437 692 2472 Deo
711 2439 753 2472 ad
771 2439 878 2473 vitam
897 2445 1088 2481 aeternam,

106 2494 248 2531 propter
264 2487 491 2522 mediatorem
508 2489 620 2522 filium
639 2487 706 2522 Dei
723 2501 784 2534 per
808 2489 1086 2523 misericordiam

104 2538 230 2581 gratis,
263 2538 337 2571 sola
361 2537 445 2579 fide,
483 2539 519 2572 id
542 2547 612 2578 est,
653 2540 778 2576 fiducia
809 2540 1086 2583 misericordiae,

104 2595 247 2633 propter
261 2589 489 2623 mediatorem
508 2590 717 2634 promissae,
744 2604 816 2625 nou
843 2598 987 2635 propter
1002 2603 1085 2636 pro-

103 2639 197 2683 prias
214 2639 397 2684 qualitates
418 2645 478 2674 aut
494 2640 650 2684 virtutes,
673 2649 735 2676 aut
750 2650 895 2687 propter
910 2642 1084 2676 iusticiam

103 2690 332 2725 essentialem.
384 2689 471 2726 Ideo
497 2690 629 2726 Daniel
656 2692 789 2740 inquit:
830 2692 911 2729 Non
939 2697 1084 2739 propter

741 121 1005 160 PHILIPPI
1045 119 1493 160 MELANTHONIS.

2061 123 2134 161 654

1146 209 1323 243 iusticiam
1338 217 1507 251 nostram,
1535 210 1592 243 sed
1612 222 1674 255 per
1692 208 1970 244 misericordiam
1988 215 2132 253 propter

1146 259 1341 294 Dominum
1367 261 1492 294 exaudi
1516 272 1592 295 nos.
1645 260 1692 294 Et
1717 259 1830 294 David
1858 261 1993 305 inquit:
2020 257 2131 303 Eripe

1147 311 1301 344 animam
1318 323 1450 348 meam,
1479 312 1613 344 salvum
1632 324 1687 344 me
1703 311 1755 345 fac
1771 318 1914 355 propter
1931 311 2132 343 misericor-

1148 362 1241 394 diam
1265 369 1374 395 tuam.
1426 360 1473 394 Et
1495 360 1579 395 haee
1606 363 1689 395 fides
1713 362 1917 395 accenditur
1938 374 2000 405 per
2017 361 2132 405 Spiri-

1147 418 1222 445 tum
1248 419 1408 445 sanctum
1432 412 1642 455 cogitatione
1665 413 1929 456 promissionis,
1958 413 2052 446 iuxta
2076 412 2131 444 di-

1147 469 1257 496 ctum:
1283 462 1387 495 Fides
1407 474 1445 495 ex
1463 464 1585 496 auditu
1603 470 1663 496 est.

1248 511 1308 546 54.
1336 511 1436 546 Hanc
1461 525 1532 546 esse
1558 513 1767 547 sententiam
1782 513 1885 547 Pauli
1907 514 1943 546 in
1960 515 2130 547 acerrima

1147 564 1373 597 contentione
1396 565 1438 596 de
1461 564 1726 605 iustificatione,
1754 564 1791 596 in
1806 563 1966 608 Epistola
1992 567 2034 598 ad
2053 564 2129 599 Ro-

1146 626 1290 655 manos,
1321 612 1413 647 nihil
1438 615 1586 648 dubium
1613 622 1679 655 est,
1707 620 1740 648 et
1765 612 1856 648 hanc
1883 628 1955 649 esse
1970 627 2129 648 necessa-

1145 666 1234 699 riam
1260 672 1293 699 et
1317 677 1396 698 vere
1414 666 1604 699 salutarem
1631 666 1908 700 consolationem
1932 677 2053 699 omnes
2080 666 2130 709 pii

1146 717 1342 760 intelligere
1359 725 1517 762 possunt.
1546 716 1765 752 Damnamus
1781 717 1889 762 igitur
1905 716 2131 760 corruptelas,

1146 780 1232 813 quae
1268 775 1389 802 contra
1423 767 1518 802 hunc
1554 769 1742 802 articulum
1771 768 1886 802 variae
1920 767 2130 810 excogitatae

1146 826 1227 854 sunt
1256 821 1421 853 omnihus
1451 821 1676 864 temporibus.
1736 817 1928 862 Origenes,
1962 816 2130 857 Thomas,

1146 877 1178 905 et
1205 871 1266 904 alii
1289 871 1392 903 multi
1415 868 1658 916 synecdochen
1682 870 1837 913 fingunt,
1865 870 1969 902 fidem
1995 868 2129 902 intelli-

1145 929 1231 966 gunt
1253 921 1421 954 noticiam
1446 919 1630 961 historiae,
1657 928 1691 954 et
1716 921 1853 954 addunt
1874 917 2053 953 hominem
2074 920 2129 952 iu-

1146 981 1237 1007 stum
1254 983 1325 1005 esse
1344 983 1460 1005 coram
1477 970 1565 1009 Deo,
1583 978 1725 1015 propter
1740 977 1942 1015 sequentem
1959 970 2129 1003 obedien-

1145 1025 1240 1065 tiam,
1256 1034 1360 1068 quam
1372 1022 1808 1055 nominantdilectionem.
1837 1018 2129 1054 Osianderetiam

1145 1070 1389 1120 synecdochen
1415 1073 1516 1112 facit,
1544 1078 1585 1105 ut
1601 1072 1674 1116 ipse
1694 1071 1867 1111 nominat,
1894 1071 1954 1103 sed
1972 1070 2129 1114 splendi-

1145 1126 1224 1158 dius
1247 1124 1425 1168 loquitnr‚
1460 1123 1509 1156 ait
1531 1123 1599 1155 fide
1623 1122 1824 1167 praeparari
1855 1119 2056 1162 hominem,
2089 1127 2129 1154 ut

1144 1176 1203 1208 fiat
1225 1175 1336 1208 iustus
1361 1174 1436 1217 ipso
1452 1173 1526 1207 Deo
1551 1173 1588 1206 in
1610 1185 1650 1206 eo
1670 1179 1810 1216 agente,
1835 1172 1929 1217 quod
1948 1172 2041 1205 idem
2066 1178 2129 1211 est,

1143 1238 1182 1259 ac
1209 1226 1238 1259 si
1260 1225 1409 1265 diceret,
1436 1222 1617 1257 hominem
1633 1224 1764 1258 iustum
1786 1234 1858 1257 esse
1881 1229 2046 1267 sequente
2063 1234 2128 1265 n07

1144 1276 1262 1310 vitate.

1245 1323 1306 1361 55,
1344 1324 1576 1359 Verissimum
1614 1332 1664 1358 est
1698 1325 1735 1358 in
1770 1324 2033 1368 regeneratione
2067 1335 2129 1357 seu

1145 1376 1394 1420 conversione,
1424 1376 1490 1408 fide
1507 1375 1617 1419 accipi
1634 1375 1807 1419 Spiritum
1825 1382 1995 1416 sanctum,
2023 1381 2056 1408 et
2072 1375 2128 1407 in-

1145 1425 1265 1460 choari
1287 1438 1415 1459 novam
1440 1426 1697 1467 obedientiam,
1731 1426 1820 1459 sicut
1836 1424 1966 1459 Paulus
1992 1425 2126 1470 inquit:

1143 1477 1211 1510 Per
1233 1474 1414 1510 Christum
1447 1474 1615 1509 habemus
1639 1476 1787 1519 gratiam
1813 1483 1843 1509 et
1868 1477 2012 1509 donum.
2056 1475 2127 1509 Sed

1144 1528 1248 1560 etiam
1267 1527 1309 1559 de
1326 1532 1448 1559 renato
1465 1524 1550 1559 haec
1566 1526 1758 1559 necessaria
1777 1526 1972 1559 consolatio
1989 1537 2127 1569 semper

1144 1578 1180 1610 in
1199 1575 1262 1610 hac
1281 1577 1350 1610 vita
1369 1577 1553 1610 retinenda
1572 1583 1633 1617 est,
1657 1577 1750 1622 quod
1770 1576 1813 1610 sit
1830 1577 1942 1610 iustus
1958 1577 2030 1610 sola
2049 1577 2127 1615 fide,

1144 1629 1178 1661 id
1197 1636 1266 1667 est,
1294 1625 1425 1661 habens
1446 1627 1688 1661 remissionem
1714 1634 1954 1672 peccatorum,
1981 1635 2014 1661 et
2030 1639 2129 1660 acce-

1143 1685 1222 1722 ptus
1235 1677 1311 1712 Deo
1335 1679 1378 1711 ad
1402 1678 1509 1712 vitam
1535 1686 1712 1712 aeternam
1738 1685 1880 1722 propter
1897 1678 2127 1712 mediatorem

1142 1730 1254 1763 filium
1265 1728 1342 1770 Dei,
1360 1729 1441 1774 quia
1452 1736 1585 1762 certum
1602 1736 1651 1763 est
1668 1726 1867 1762 inchoatam
1887 1728 2127 1762 obedientiam

1143 1792 1365 1825 nequaquam
1383 1780 1580 1813 satisfacere
1598 1780 1666 1823 legi
1685 1780 1763 1821 Dei,
1790 1786 1822 1813 et
1838 1780 1998 1813 nondum
2015 1779 2053 1812 in
2071 1790 2127 1812 re-

1142 1832 1234 1865 natis
1258 1831 1295 1863 in
1323 1828 1387 1864 hac
1418 1831 1487 1865 vita
1516 1831 1708 1864 restitutam
1741 1842 1812 1864 esse
1844 1830 2126 1864 conformitatem

1143 1893 1220 1915 cum
1251 1882 1348 1924 lege,
1379 1883 1422 1914 de
1449 1893 1518 1926 qua
1544 1881 1690 1915 dicitur:
1728 1880 1824 1915 Deus
1850 1881 1916 1915 erit
1941 1881 2060 1914 omnia
2088 1880 2125 1912 in

1142 1932 1309 1965 omnibus
1322 1932 1443 1965 beatis.
1472 1931 1643 1965 Fatentur
1659 1944 1739 1974 ergo
1756 1938 1788 1965 et
1802 1932 1987 1975 deplorant
2002 1942 2124 1964 omnes

1143 1982 1251 2015 sancti
1283 1989 1462 2026 peccatum
1494 1982 1531 2015 in
1558 1982 1607 2015 eis
1635 1980 1751 2016 adhuc
1777 1979 1944 2022 haerens,
1984 1988 2023 2015 ut
2047 1980 2124 2015 Ro-

1142 2045 1236 2068 man.
1255 2031 1309 2069 7.:
1346 2032 1459 2066 Video
1478 2032 1582 2065 aliam
1606 2033 1715 2075 legem
1734 2033 1769 2065 in
1787 2033 1953 2066 membris
1968 2032 2054 2065 meis
2069 2044 2124 2065 re—

1142 2089 1356 2129 pugnantem
1374 2083 1441 2126 legi
1457 2082 1584 2117 mentis
1608 2095 1721 2122 meae,
1749 2090 1811 2117 etc.
1865 2082 1911 2117 Et
1929 2084 1965 2116 in
1983 2082 2122 2116 Psalmo

1143 2134 1286 2168 dicitur:
1315 2133 1396 2169 Non
1415 2134 1659 2168 iustificabitur
1675 2134 1712 2166 in
1725 2140 1913 2178 conspectu
1932 2141 1990 2167 tuo
2008 2134 2124 2166 omnis

1142 2185 1276 2219 vivens.
1331 2183 1377 2219 Et
1394 2184 1457 2219 Iob
1475 2184 1526 2218 9.:
1557 2183 1647 2218 Vere
1663 2185 1753 2224 scio,
1781 2184 1876 2229 quod
1901 2182 1967 2218 hoc
1990 2192 2123 2218 certum

1142 2236 1203 2277 sit,
1239 2237 1334 2281 quod
1361 2248 1434 2269 non
1457 2236 1502 2269 sit
1527 2235 1637 2270 iustus
1663 2233 1769 2268 homo
1797 2247 1913 2267 coram
1937 2233 2024 2269 Deo.
2077 2232 2123 2268 Et

1143 2299 1218 2332 cap.
1240 2286 1313 2323 14.;
1340 2286 1430 2330 Quis
1446 2286 1542 2319 dabit
1562 2298 1689 2330 purum
1707 2286 1750 2319 de
1775 2286 1930 2329 polluto,
1957 2286 2018 2319 uhi
2041 2286 2123 2318 nul-

1141 2338 1196 2372 lus
1220 2345 1271 2371 est
1295 2338 1427 2382 purus?
1468 2337 1568 2370 llanc
1594 2337 1722 2370 molem
1746 2336 1876 2380 peccati
1894 2336 1930 2368 in
1947 2337 2051 2370 corde
2070 2349 2122 2369 se-

1141 2388 1216 2422 curi
1234 2386 1437 2433 hypocritae
1453 2388 1564 2420 levem
1582 2399 1655 2421 csse
1673 2387 1870 2427 somniant,
1897 2388 1954 2420 sed
1974 2388 2033 2432 pii,
2061 2387 2123 2432 qni

1142 2437 1272 2473 habent
1293 2438 1455 2472 exercitia
1473 2438 1728 2482 poenitentiae,
1756 2437 1817 2483 qui
1834 2444 1868 2472 et
1885 2438 2120 2472 dubitationi-

1139 2490 1205 2524 bus
1233 2497 1263 2523 et
1289 2490 1410 2523 multis
1435 2489 1634 2523 errantibus
1659 2489 1812 2522 motibus
1831 2497 2048 2532 repugnant,
2080 2487 2115 2521 hi

1139 2541 1258 2586 aliquo
1277 2541 1381 2573 modo
1401 2547 1433 2574 et
1451 2540 1607 2574 sentiunt
1622 2546 1656 2574 et
1672 2540 1857 2583 deplorant
1880 2547 2026 2574 naturae
2043 2540 2121 2572 vul-

1138 2604 1232 2626 nera.
1288 2590 1370 2624 ldeo
1390 2591 1599 2634 confugiunt
1615 2591 1657 2624 ad
1675 2591 1784 2624 filium
1797 2590 1866 2624 Dei
1880 2591 2121 2628 mediatorem,

1137 2649 1171 2677 et
1189 2648 1347 2677 statuunt
1364 2653 1398 2675 se
1413 2642 1487 2676 sola
1504 2641 1744 2675 misericordia
1760 2648 1904 2686 propter
1929 2641 2044 2684 ipsum
2066 2640 2119 2673 iu—

1136 2700 1206 2728 stos
1223 2693 1398 2738 reputari,
1427 2700 1459 2728 et
1476 2691 1642 2729 haeredes
1659 2705 1731 2728 esse
1747 2693 1838 2727 vitae
1854 2698 2031 2726 aeternae.
