2324 2955
169 157 241 192 211
571 141 727 179 DECL.
752 136 824 174 DE
862 132 1143 172 PULMONE
1178 131 1250 169 ET
1281 128 1356 167 DE
1391 127 1654 168 mserum.
1687 139 1769 168 mc.
2099 132 2174 167 212

174 250 286 273 sermo
310 236 380 269 sive
405 230 559 275 loquela,
586 238 673 271 quae
697 231 748 257 est
765 235 832 256 vox
848 221 1051 259 articulata,
1076 219 1150 251 for-

176 295 292 323 matur
315 298 334 318 a
359 285 495 323 lingua,
529 278 631 321 plane
658 273 886 307 inenarrabili
909 272 1033 310 modo,
1057 269 1151 302 unde

177 344 319 383 propter
343 334 478 365 diversa
503 328 640 370 linguae
665 324 934 368 impedimenta,
967 320 1029 354 alii
1053 318 1153 356 blesi,

178 388 238 421 alii
256 383 360 418 trauli
377 380 537 413 existunt.

279 432 347 465 Ilic
373 429 631 463 consideremus
651 431 782 470 quanta
805 423 848 455 sit
865 421 959 454 vocis
974 419 1105 454 utilitas
1122 424 1155 451 et

180 484 345 522 varietas,
377 491 480 524 quam
508 478 555 510 sic
580 476 655 508 fieri
681 474 823 519 quidem
848 472 1064 516 experimur,
1096 468 1153 500 sed

181 546 244 568 cur
269 539 300 565 et
325 530 465 575 quando
490 528 527 559 in
551 525 605 559 his
630 524 801 558 meatibus
817 523 877 555 a'e'r
893 522 1036 565 accipiat
1055 529 1157 552 sonos

182 592 215 618 et
237 592 403 615 sonorum
427 578 647 615 varietatem,
673 575 787 607 dicere
805 583 877 604 non
895 580 1095 614 possumus,
1120 579 1157 600 ac

180 633 360 667 fatendum
372 636 441 667 est,
467 639 540 660 non
555 626 693 670 penitus
704 622 1034 668 perspicinaturam.
1081 618 1159 652 Me-

182 683 272 717 mini
294 681 485 724 sapientem
502 677 616 709 virum
635 675 769 711 dicere,
796 684 836 704 eo
856 671 1057 704 discendam
1074 666 1161 701 Phi-

183 729 403 775 losophiam,
432 735 472 761 ut
494 737 675 771 quousque
699 722 861 768 progredi
885 732 982 753 mens
1008 717 1160 752 bumana

184 783 311 827 possit,
338 779 654 815 animadvertatur,
680 781 712 807 et
734 784 821 818 quae
841 783 913 804 non
933 767 1161 813 comprehen-

186 835 257 866 dat.
317 828 477 872 Cumque
505 832 634 858 restare
664 825 786 866 ingens
817 823 950 855 bonum
973 831 1045 853 non
1067 830 1162 852 com-

186 879 398 926 prehensum
432 876 624 915 cernimus,
658 872 809 906 convicti
838 873 1028 908 fateamur,
1063 869 1163 912 opifi-

188 943 260 965 cem
288 927 492 972 sapientiam
516 932 549 958 et
570 925 703 957 bonum
729 934 811 957 esse.
875 920 948 954 Cur
971 931 1082 953 sermo
1108 919 1165 950 fiat

189 981 329 1022 linguae
364 977 514 1021 plectro,
567 973 645 1018 quis
681 973 763 1006 satis
800 977 996 1004 monstrare
1030 967 1166 1013 potest?

189 1029 285 1065 Fieri
309 1036 426 1061 tamen
447 1024 633 1062 sentimus,
658 1030 690 1056 et
714 1022 835 1064 ingens
855 1022 988 1054 bonum
1008 1030 1078 1053 esse
1095 1029 1167 1051 ser-

189 1090 351 1115 monem,
377 1076 629 1118 significantem
648 1084 721 1110 res,
748 1071 972 1113 cogitationes
990 1076 1022 1102 et
1040 1069 1168 1100 volun-

190 1136 277 1163 tates
294 1126 359 1160 Dei
385 1133 417 1159 et
439 1123 643 1163 hominum,
669 1122 890 1154 manifestum
910 1127 970 1154 est.
1023 1117 1087 1151 Est
1103 1117 1169 1159 igi-

190 1187 248 1213 tur
266 1177 402 1220 sapiens
417 1175 556 1212 artifex,
582 1184 684 1217 quem
701 1181 942 1214 agnoscamus,
969 1176 1001 1202 et
1018 1168 1090 1201 eius
1107 1168 1169 1200 be-

193 1228 325 1261 neficiis
353 1231 550 1259 reverenter
575 1229 737 1263 utamur,
772 1232 905 1264 nosque
927 1226 1171 1262 praeparemus

193 1281 237 1312 ad
261 1277 440 1310 coelestem
463 1273 686 1317 sapientiam,
713 1271 750 1302 in
770 1281 838 1314 qua
861 1270 973 1301 ideam
991 1277 1171 1299 cernemus

194 1328 376 1361 universae
402 1331 545 1356 naturae
568 1322 604 1352 in
627 1322 701 1363 ipso
723 1319 915 1351 conditore.
966 1316 1054 1347 Vult
1078 1314 1172 1346 Deus

194 1388 278 1410 voce
296 1372 479 1415 Evangelii
495 1369 635 1404 accendi
648 1369 772 1408 vitam,
798 1367 910 1398 lucem
928 1365 965 1396 iu
983 1363 1174 1402 mentibus,

197 1434 232 1460 et
254 1424 421 1458 iustitiam
446 1422 482 1453 in
507 1419 689 1457 cordibus,
713 1423 745 1450 et
768 1416 909 1461 quidem
928 1414 1003 1446 vult
1021 1424 1092 1445 sese
1108 1424 1174 1444 no-

197 1477 253 1510 bis
278 1472 534 1508 communicare
558 1468 623 1501 hac
649 1468 722 1511 ipsa
740 1478 835 1499 voce.
888 1463 943 1497 Ad
962 1462 1055 1495 hunc
1073 1472 1174 1494 usum

199 1524 357 1560 condidit
381 1520 465 1554 haec
484 1518 687 1553 admiranda
705 1527 829 1558 opera,
856 1525 974 1545 vocem
993 1518 1025 1544 et
1043 1522 1175 1543 sermo-

200 1588 304 1617 nem,
346 1583 433 1616 quae
467 1567 644 1613 quomodo
679 1566 780 1604 fiant,
820 1571 904 1597 tunc
931 1561 1177 1603 intelligemus,

200 1638 278 1659 cum
304 1625 417 1666 ipsum
436 1619 594 1663 opificem
611 1628 725 1650 coram
742 1616 777 1646 in
796 1615 872 1647 luce
888 1612 1068 1645 manifesta
1084 1609 1176 1653 aspi·-

202 1676 342 1709 ciemus.

305 1722 376 1755 lam
400 1726 432 1753 et
454 1729 561 1762 pauca
585 1717 628 1750 de
652 1712 787 1749 trachea
804 1712 947 1751 arteria,
974 1711 1064 1744 etde
1079 1721 1178 1743 oeso-

205 1773 316 1818 pliago
341 1771 465 1803 dicam.
533 1767 614 1800 Non
637 1765 721 1798 dicit
743 1763 842 1796 Plato
868 1760 947 1795 vehi
973 1767 1093 1804 potum
1118 1771 1179 1803 per

205 1821 380 1858 tracheam
404 1818 578 1852 arteriam.
637 1814 769 1858 Estque
792 1812 974 1846 retinenda
997 1810 1179 1849 sententia,

205 1873 388 1906 distinctos
413 1880 484 1901 esse
505 1866 641 1900 canales
665 1872 697 1898 et
710 1864 871 1896 distincta
889 1861 1019 1900 officia,
1046 1868 1084 1894 ut
1100 1866 1179 1892 ante

206 1923 368 1956 diximus.
422 1917 599 1951 Diffcrunt
623 1922 655 1948 et
679 1915 747 1947 situ
765 1919 797 1946 et
815 1911 1007 1946 substantia
1024 1908 1061 1942 hi
1079 1921 1179 1942 cana-

207 1974 267 2007 les.
318 1967 474 2003 Trachea
495 1966 622 1999 arteria
644 1965 680 1996 in
704 1963 877 1996 anteriore
901 1968 997 2005 parte
1016 1960 1097 1993 colli
1117 1972 1180 2002 po-

206 2023 271 2056 sita
303 2027 370 2057 est,
408 2025 446 2051 ut
470 2023 561 2049 recta
585 2015 703 2048 tendat
725 2014 767 2045 ad
792 2024 847 2052 os,
882 2010 1068 2044 hauriendi
1090 2009 1181 2043 aeris

206 2084 323 2110 causa,
350 2064 566 2111 oesophagus
585 2072 698 2098 autem
723 2064 759 2095 in
782 2062 973 2106 posteriore
989 2067 1085 2104 parte
1100 2059 1181 2092 colli

207 2129 269 2162 est,
295 2127 328 2154 et
343 2119 450 2161 magis
467 2118 559 2156 latet,
582 2121 620 2147 ut
637 2115 713 2157 plus
727 2113 902 2145 contineat
914 2111 1049 2144 caloris.
1100 2108 1182 2143 Dis-

209 2173 333 2205 cedens
357 2175 470 2202 autem
498 2162 664 2198 nonnihil
688 2162 794 2195 flectit
816 2173 851 2194 se
877 2162 918 2194 ad
946 2162 1118 2200 dextram,
1143 2166 1183 2193 ut

210 2223 308 2254 cedat
330 2220 443 2251 locum
468 2223 596 2249 aot-tae.
646 2213 783 2247 Rursus
807 2217 921 2244 autem
945 2211 987 2242 ad
1005 2210 1181 2242 sinistram

210 2269 418 2307 reflectitur,
445 2278 521 2300 cum
547 2266 617 2297 fere
640 2262 781 2296 accessit
803 2262 846 2294 ad
873 2258 1118 2304 diaphragma,
1145 2266 1182 2293 ut

210 2321 306 2353 cedat
333 2319 447 2349 locum
472 2327 577 2348 venae
599 2325 712 2346 cavae.
763 2312 815 2345 Ita
839 2311 934 2343 velut
959 2321 1078 2343 servus
1103 2310 1181 2342 offi-

209 2370 300 2402 ciose
319 2367 408 2400 cedit
425 2365 678 2409 praestantibus
694 2361 871 2396 membris.
923 2359 992 2394 Sed
1008 2360 1183 2393 anfractus

208 2420 262 2452 illi
281 2423 446 2462 prosunt,
473 2421 511 2447 ut
530 2413 593 2446 boc
610 2413 805 2446 membrum
821 2411 986 2449 fulciant,
1008 2416 1041 2443 et
1057 2421 1183 2443 nervos

209 2467 401 2511 excipiant,
429 2466 510 2498 item
528 2475 570 2496 ne
589 2463 797 2506 impediatur
814 2461 1019 2504 deglutiens.
1070 2459 1182 2493 Diffe-

207 2526 291 2553 runt
315 2524 347 2550 et
370 2514 582 2554 substantia,
608 2525 688 2546 nam
711 2510 849 2545 trachea
873 2519 922 2545 est
944 2523 983 2543 ex
1008 2510 1181 2552 cartilagi-

207 2569 330 2607 nibus,
357 2573 395 2599 ut
412 2566 456 2598 sit
472 2564 603 2596 firmior
620 2562 764 2602 canalis,
792 2575 854 2595 nec
870 2568 943 2595 toto
960 2572 1021 2594 suo
1038 2571 1182 2602 corpore

208 2625 326 2657 coeat,
353 2617 412 2649 sed
435 2620 595 2647 maneant
618 2620 767 2652 meatus,
794 2619 831 2645 ut
854 2624 927 2644 non
947 2610 1183 2654 impediantur

206 2669 296 2703 ae'ris
319 2667 489 2705 influxus,
524 2670 557 2698 et
583 2661 756 2696 halituum
782 2663 1001 2696 fumosorum
1026 2661 1182 2696 effluxus.

1203 212 1435 259 Oesophagus
1468 225 1552 246 vero
1587 227 1787 261 quanquam
1817 227 1945 249 nervea
1971 216 2178 250 membrana

1204 273 1272 307 est,
1296 273 1413 298 tamen
1437 270 1487 296 est
1510 264 1702 298 substantia
1719 266 1879 307 mollior,
1905 277 2008 310 quam
2024 264 2178 307 trachea,

1205 323 1237 350 et
1249 314 1454 357 astringitur
1478 313 1549 346 suis
1576 314 1688 355 villis,
1710 327 1789 348 cum
1813 322 1862 349 est
1887 316 2014 351 inanis.

1205 366 1316 399 multo
1342 363 1502 406 longior,
1526 374 1630 406 quam
1655 363 1812 406 trachea,
1840 378 1927 410 quae
1954 367 2018 399 sub
2034 365 2181 398 furculis

2065 314 2130 349 Est
2146 323 2179 350 et

1207 415 1371 449 inseritur
1390 413 1561 457 pulmoni.
1603 411 1655 446 Ac
1672 413 1885 457 oesophagus
1903 416 1967 448 sub
1988 413 2180 460 diaphrag-

1208 473 1298 498 mate
1322 463 1557 497 ventriculum
1580 463 1729 506 attingit.
1780 463 1851 497 Nec
1874 477 1955 498 vero
1979 466 2048 500 iam
2072 471 2181 498 totam

1208 514 1472 548 fabricationem
1510 510 1633 546 harum
1667 513 1818 556 partium
1851 515 1996 548 recitare
2029 526 2183 559 possum,

1211 571 1348 598 tantum
1372 561 1438 595 hoc
1461 574 1609 603 moneo,
1641 574 1685 596 ne
1710 563 1802 595 vocis
1829 574 1958 606 organo
1981 566 2183 598 tribuantur

1212 615 1324 649 officia
1340 613 1487 650 culinae,
1512 624 1555 644 ne
1573 612 1783 646 misceantur
1798 614 2038 657 propagationi
2054 614 2185 648 doctri-

1213 677 1278 698 nae
1297 663 1502 707 cupiditates
1519 663 1629 704 gulae.

1312 712 1385 747 Cur
1400 712 1507 755 igitur
1522 711 1821 756 dixitEuripides:
1851 712 1983 746 Vinum
2002 719 2188 757 penetrans

1215 765 1422 809 pulmonum
1439 762 1594 795 meatus?
1620 760 1819 796 EtAlceus:
1850 762 1961 810 Τίγγε
1979 763 2189 808 πνεύμονας

1217 815 1316 860 οἴνῳ.
1368 812 1463 845 Haec
1486 812 1591 845 'verba
1615 824 1689 845 non
1714 814 1935 847 confundunt
1958 814 2068 847 officia
2086 824 2190 845 cana-

1217 865 1323 902 lium,
1351 869 1487 896 tantum
1507 859 1574 894 hoc
1597 862 1737 901 dicunt,
1763 863 1922 906 pulmoni
1950 876 2037 907 opus
2061 874 2132 896 esse
2157 868 2191 895 et

1218 914 1432 947 nutrimento
1455 918 1487 945 et
1503 912 1684 954 rigatione.
1738 911 1789 945 Ac
1806 913 2027 946 manifestum
2050 920 2099 946 est
2124 924 2192 945 nu-

1218 964 1297 997 triri
1314 969 1348 996 et
1362 962 1468 1005 rigari
1487 962 1648 1006 pulmoni
1665 963 1865 1006 pulmonem
1884 975 1944 1006 per
1962 974 2084 995 venam
2102 969 2195 995 arte-

1219 1013 1341 1047 rialem
1353 1038 1362 1053 ,
1385 1024 1472 1056 quae
1489 1012 1651 1044 subtilem
1669 1013 1871 1055 sanguinem
1887 1010 1980 1046 vehit
2002 1013 2038 1044 in
2055 1012 2196 1055 pulmo-

1220 1075 1312 1096 nem.
1369 1061 1519 1103 Sanguis
1548 1067 1662 1094 autem
1698 1074 1737 1095 ex
1761 1063 1838 1095 cibo
1862 1069 1895 1095 et
1916 1069 2002 1106 potu
2025 1069 2125 1095 antea
2157 1061 2195 1094 in

1223 1119 1321 1157 epate
1346 1118 1447 1145 natus
1470 1117 1530 1146 est.
1581 1110 1717 1144 Harum
1741 1113 1917 1145 actionum
1942 1112 2101 1145 ordinem
2126 1122 2198 1144 esse

1222 1166 1343 1207 poetae
1366 1173 1437 1194 non
1458 1168 1602 1203 negant,
1629 1173 1706 1194 cum
1723 1162 1861 1203 dicunt,
1888 1162 1971 1195 vino
1989 1162 2094 1205 rigari
2117 1161 2198 1205 pul-

1223 1223 1374 1245 monem.
1428 1210 1517 1243 Cum
1534 1211 1662 1243 diurno
1680 1219 1775 1245 aestu
1795 1219 1827 1245 et
1854 1213 1973 1244 labore
1997 1224 2057 1244 cor
2075 1223 2198 1244 accen-

1224 1272 1301 1295 sum
1320 1267 1380 1300 est,
1407 1267 1439 1293 et
1459 1260 1579 1303 pulmo
1593 1261 1772 1301 arefactus,
1799 1273 1817 1294 a
1833 1262 1979 1294 meridie
1995 1262 2200 1305 corporibus

1225 1310 1323 1354 quies
1340 1309 1569 1347 concedatur,
1606 1315 1639 1340 et
1660 1309 1737 1340 cibo
1767 1316 1799 1342 et
1819 1316 1904 1352 potu
1926 1311 2124 1343 reficiantur
2148 1310 2202 1341 vi—

1226 1369 1280 1391 res
1298 1363 1330 1390 et
1347 1357 1508 1400 spiritus,
1533 1362 1565 1389 et
1585 1357 1756 1399 rigatione
1776 1356 2021 1393 humectentur
2043 1366 2077 1393 et
2100 1360 2202 1393 refri-

1227 1413 1390 1451 gerentur
1405 1418 1464 1439 cor
1480 1412 1512 1438 et
1530 1407 1660 1449 pulmo.
1713 1406 1780 1440 Hic
1806 1410 1893 1441 ordo
1920 1411 1962 1441 de
1985 1410 2103 1442 multis
2128 1422 2202 1443 ma-

1228 1457 1305 1499 gnis
1328 1457 1432 1488 rebus
1456 1467 1520 1487 nos
1544 1457 1827 1497 commonefacit,
1860 1459 1903 1490 de
1930 1459 2054 1492 ordine
2070 1459 2201 1492 laboris

1229 1514 1262 1540 et
1278 1504 1510 1538 restitutionis
1534 1505 1681 1545 virium,
1708 1513 1740 1539 et
1762 1507 1804 1539 de
1826 1509 1931 1540 modo
1949 1520 1986 1541 ac
2004 1515 2202 1552 temperan-

1231 1557 1293 1596 tia,
1319 1567 1424 1600 quam
1442 1555 1536 1587 scitis
1555 1556 1781 1588 necessariam
1798 1568 1869 1590 esse
1886 1559 1928 1590 ad
1953 1560 2119 1592 tuendam
2142 1572 2203 1592 va-

1231 1606 1422 1639 letudinem
1441 1605 1607 1647 corporis.
1661 1606 1728 1638 Sed
1747 1618 1810 1639 nos
1825 1607 1862 1639 in
1877 1606 2031 1642 Ecclesia
2047 1609 2203 1654 praecipi

1231 1668 1305 1689 eam
1323 1656 1491 1694 sciamus,
1518 1661 1550 1687 et
1566 1655 1777 1688 valetudinis
1793 1658 1942 1690 tuendae
1959 1669 2080 1700 causa,
2107 1667 2140 1694 et
2159 1671 2203 1692 ne

1231 1716 1329 1738 mens
1345 1705 1556 1748 impediatur
1572 1704 1609 1736 in
1626 1705 1858 1747 invocatione,
1885 1708 1921 1740 in
1940 1709 2205 1743 deliberationi-

1232 1757 1316 1795 hus,
1343 1755 1379 1786 in
1400 1754 1541 1794 studiis,
1568 1761 1601 1787 et
1620 1754 1655 1786 in
1671 1756 1868 1790 actionibus
1886 1758 1962 1791 aliis
1978 1759 2068 1792 vitae
2084 1771 2207 1793 neces-

1232 1805 1341 1839 sariIs.
1393 1803 1487 1837 Haec
1513 1804 1630 1837 omnia
1653 1805 1816 1849 impediri
1840 1804 2114 1843 helluationibus
2129 1821 2207 1842 ma-

1233 1857 1396 1889 nifestum
1415 1861 1473 1887 est.
1527 1853 1681 1887 Maxime
1698 1868 1779 1889 vero
1796 1857 1918 1891 scitote
1940 1859 1984 1892 ad
2011 1859 2208 1894 invocatio-

1232 1918 1312 1939 nem
1327 1904 1554 1948 temperantia
1571 1916 1658 1948 opus
1676 1917 1758 1941 esse.
1804 1905 1894 1940 Cum
1911 1909 2003 1942 enim
2020 1909 2111 1943 inter
2126 1922 2206 1954 pre-

1232 1956 1381 1990 candum
1404 1966 1541 1987 necesse
1558 1955 1622 1995 sit,
1651 1956 1760 1989 multa
1787 1958 1937 2000 cogitare
1967 1960 2010 1991 de
2037 1958 2136 1998 Deo,
2163 1961 2205 1993 de

1234 2005 1408 2040 mandatis
1425 2012 1457 2039 et
1472 2004 1764 2048 promissionibus
1786 2007 1934 2048 divinis,
1959 2009 2034 2042 fieri
2051 2008 2117 2043 boc
2132 2021 2206 2042 non

1234 2062 1363 2101 potest,
1398 2067 1476 2088 cum
1499 2055 1648 2088 intentio
1672 2056 1710 2088 in
1739 2057 1844 2090 ebriis
1868 2070 1940 2092 esse
1967 2060 2064 2093 nulla
2087 2060 2207 2104 possit.

1234 2105 1279 2141 Et
1303 2117 1381 2139 cum
1403 2105 1524 2138 ardere
1545 2106 1648 2138 corda
1672 2106 1820 2140 flammis
1843 2108 1955 2141 divini
1978 2110 2120 2153 spiritus
2143 2111 2206 2142 de-

1234 2158 1358 2196 beant,
1387 2152 1451 2188 hae
1471 2155 1712 2199 reprimuntur
1739 2157 1936 2200 fuliginosis
1967 2156 2136 2193 halitibus
2167 2159 2206 2192 in

1234 2207 1376 2241 cerebro
1393 2212 1425 2239 et
1444 2205 1480 2237 in
1496 2207 1620 2246 corde,
1646 2213 1679 2239 et
1695 2207 1783 2239 varii
1800 2215 1881 2242 sunt
1895 2215 2009 2242 aestus
2029 2216 2062 2243 et
2078 2207 2206 2254 Euripi

1234 2258 1432 2291 adfectuum
1449 2256 1486 2288 in
1504 2257 1620 2296 corde,
1646 2258 1740 2301 quod
1756 2264 1937 2290 oneratum
1955 2266 2003 2292 est
2018 2259 2206 2293 immodico

1235 2308 1312 2341 cibo
1330 2313 1363 2340 et
1381 2313 1475 2350 potu.
1528 2306 1646 2349 Quare
1662 2306 1828 2350 scriptum
1844 2314 1909 2341 est:
1936 2307 2021 2342 Sitis
2036 2310 2145 2343 sobrii
2161 2311 2206 2343 ad

1233 2357 1480 2403 precationem.
1532 2355 1693 2401 Denique
1712 2357 1760 2389 sic
1778 2357 1967 2390 vivendum
1986 2366 2054 2400 est,
2081 2368 2119 2394 ut
2139 2372 2206 2393 no-

1234 2415 1303 2442 stra
1317 2419 1461 2451 corpora
1478 2406 1548 2440 sint
1564 2407 1740 2440 domicilia
1758 2413 1791 2440 et
1808 2408 1933 2451 templa
1951 2407 2035 2451 Dei,
2061 2417 2094 2444 et
2110 2421 2206 2444 cere-

1233 2460 1357 2499 brum,
1383 2469 1461 2497 cor,
1486 2457 1626 2500 lingua,
1652 2463 1685 2490 et
1708 2457 1825 2490 omnia
1852 2458 1921 2491 sint
1938 2471 2066 2502 organa
2082 2461 2147 2496 Dei
2167 2460 2205 2492 in

1234 2509 1345 2543 nobis.
1378 2506 1472 2540 Haec
1488 2507 1669 2550 cogitanda
1686 2513 1780 2546 sunt,
1807 2519 1885 2540 cum
1902 2509 2080 2543 intuemur
2096 2510 2205 2544 fabri-

1233 2558 1404 2592 cationem
1422 2557 1577 2601 corporis
1594 2556 1721 2594 nostri,
1756 2563 1788 2590 et
1813 2558 1974 2592 ordinem
1998 2566 2142 2594 naturae
2165 2560 2203 2593 in

1233 2609 1361 2642 tuenda
1385 2608 1584 2641 valetudine
1606 2606 1848 2640 necessarium.
1901 2607 1953 2642 Ac
1975 2617 2118 2654 propter
2141 2608 2204 2644 has

1232 2658 1451 2703 gravissimas
1467 2667 1603 2698 causas,
1628 2663 1770 2700 propter
1787 2665 1940 2692 nostram
1954 2660 2202 2701 valetudinem,
