2324 2955
93 119 168 154 917

195 202 346 236 Neronis
387 209 543 246 tempore
573 201 657 235 arsit
690 202 812 245 ingens
843 200 987 235 Cometa
1017 209 1075 231 sex

92 253 284 291 mensibus,
312 254 539 297 progrediens
555 252 599 284 ab
616 258 696 286 ortu
712 254 753 285 ad
768 250 955 291 Occasum,
983 260 1075 282 non-

93 302 186 337 nihil
209 304 397 337 deflectens
418 304 461 335 ad
486 301 695 341 Meridiem,
729 310 768 336 ut
793 302 914 335 scribit
932 300 1074 339 Seneca,

94 365 197 399 quem
222 354 347 386 vellem
372 359 528 396 tempora
551 353 676 386 certius
700 363 1008 392 commemorasse,
1042 356 1073 382 et

93 404 241 444 dixisse,
276 415 346 448 qno
370 403 407 435 in
430 403 525 444 loco,
553 415 659 447 prope
676 415 762 448 quas
779 403 895 436 stellas
910 411 1073 434 accensus

91 460 191 488 esset.
245 452 341 496 Quid
365 454 631 496 significaverit,
658 460 802 486 eventus
825 453 1071 487 ostenderunt:

91 504 284 537 multorum
311 503 441 537 civium
467 504 628 537 interitus
654 504 691 536 in
713 504 907 537 mutatione
932 501 1070 546 imperii

88 560 168 598 post
190 553 384 594 Neronem,
417 561 456 588 ut
477 562 595 598 postea
618 555 783 588 dicemus.
839 554 998 599 Sequuta
1022 558 1071 585 est

89 611 123 638 et
139 604 247 639 totius
266 603 414 637 Iudaeae
430 605 590 637 vastatio.

190 652 277 688 Erat
298 661 415 688 autem
432 653 570 688 Galliae
596 666 730 698 praeses
749 655 802 687 vir
820 655 930 687 iustus
949 660 980 687 et
997 655 1069 687 sor-

88 704 153 744 tis,
186 703 296 737 Iulius
318 703 478 745 Vindex,
508 705 568 750 qui
589 717 668 738 cum
695 717 767 737 non
791 705 971 739 toleranda
998 715 1069 737 esse

85 753 239 787 Neronis
254 754 382 788 scelera
400 755 513 799 palam
532 757 740 794 ostenderet,
770 756 970 798 praesertim
989 767 1067 787 cum

86 810 120 837 et
140 802 259 837 Gallia
284 805 387 838 novis
412 806 687 849 expilationibus
710 812 934 844 oneraretur,
969 805 1069 838 facile

85 854 257 898 persuasit
278 855 462 888 universae
480 854 618 889 Galliae
636 864 668 890 et
688 856 758 888 suis
775 856 1003 894 exercitibus,
1031 861 1070 887 ut

86 916 105 937 a
124 903 265 938 Nerone
283 905 488 946 deficerent,
514 906 651 950 fuitque
671 904 829 938 hortator
845 905 965 948 Sergio
982 904 1069 937 Gal-

85 955 152 987 bae
182 955 219 987 in
244 953 434 999 Hispania,
467 962 507 988 ut
532 963 652 988 contra
679 955 853 988 Neronem
879 957 921 987 ad
944 956 1067 988 urbem

84 1003 237 1038 Romam
263 1006 456 1045 accederet,
491 1012 524 1037 et
545 1006 665 1038 orbem
690 1011 861 1038 terrarum
886 1013 955 1039 tam
980 1012 1068 1038 tetro

84 1061 236 1099 tyranno
262 1054 444 1095 liberaret,
472 1066 576 1099 seque
600 1055 774 1097 promittit
798 1066 878 1088 suos
900 1056 1069 1088 exercitus

85 1104 152 1147 ipsi
175 1104 424 1138 adiuncturum
449 1116 533 1138 esse.
592 1104 805 1138 Defecerunt
827 1117 845 1137 a
870 1105 1010 1139 Nerone
1037 1113 1070 1139 et

87 1153 291 1188 Germanici
308 1155 488 1189 exercitus.

185 1203 322 1237 Interea
345 1211 379 1238 et
405 1204 554 1238 Senatus
578 1205 708 1247 legatos
731 1205 773 1238 ad
798 1204 959 1247 Sergium
982 1203 1069 1237 Gal-

85 1254 166 1287 bam
188 1254 317 1295 mittit,
350 1261 383 1288 et
407 1254 583 1288 Neronem
607 1255 741 1288 iudicat
763 1253 919 1295 hostem,
947 1262 980 1288 et
1002 1254 1069 1287 Hi-

84 1304 219 1348 spanici
251 1305 421 1338 exercitus
451 1304 611 1347 Sergium
636 1304 789 1338 Galbam
821 1306 1005 1339 nobilitate
1037 1312 1069 1339 et

84 1354 271 1387 autoritate
292 1361 524 1398 praestantem
549 1367 686 1396 senem,
712 1356 772 1400 qui
795 1355 863 1388 iam
889 1363 1068 1399 septuage-

83 1404 212 1437 simum
235 1404 379 1438 tertium
396 1416 529 1438 annum
547 1406 726 1447 attigerat,
754 1406 998 1449 imperatorem
1015 1419 1069 1439 sa-

83 1454 253 1488 lutarunt.
306 1453 357 1488 Ita
381 1466 552 1488 consensu
571 1454 730 1488 Senatus
753 1463 786 1489 et
800 1456 1068 1500 praecipuorum

85 1501 215 1537 ducum
241 1510 274 1538 et
298 1505 510 1538 exercituum
536 1506 626 1538 inste
650 1507 828 1539 decretum
852 1513 919 1546 est,
952 1514 991 1540 ut
1014 1514 1069 1552 ty-

83 1565 216 1588 rannus
232 1554 431 1593 tolleretur,
457 1555 538 1600 quia
553 1567 710 1589 summus
726 1555 875 1590 Senatus
892 1563 924 1589 et
940 1558 1069 1590 summi

85 1605 190 1638 duces
211 1604 340 1638 debent
363 1605 490 1647 punire
514 1612 682 1650 tyrannos
706 1607 925 1639 manifestam
944 1609 1068 1640 crude-

84 1655 219 1688 litatem
246 1654 322 1686 sine
354 1655 422 1687 fine
453 1662 661 1690 exercentes,
713 1654 762 1690 Et
792 1657 829 1689 in
865 1654 928 1689 hac
957 1669 1068 1700 poena

83 1705 183 1738 Deus
213 1704 367 1737 ostendit
392 1710 590 1749 utrunque,
625 1717 831 1739 conservare
861 1718 895 1739 se
921 1707 1068 1750 imperia

84 1752 315 1787 honestorum
347 1755 477 1787 ducum
508 1766 700 1796 consensu,
735 1763 769 1790 et
798 1763 917 1790 tamen
943 1758 1069 1801 punire

85 1804 261 1839 crudelem
278 1810 311 1837 et
327 1804 541 1836 obscoenum
559 1811 759 1849 tyrannum.

187 1853 338 1896 Cognito
371 1855 525 1887 adventu
555 1854 669 1897 Sergii
702 1854 836 1889 Galbae
858 1855 951 1889 Nero
982 1857 1069 1900 sugit

85 1916 126 1938 ex
148 1904 237 1938 urbe
255 1902 382 1938 Roma.
436 1904 514 1946 Qua
540 1904 577 1936 in
599 1905 679 1947 fuga
702 1906 824 1948 ingens
840 1912 1070 1941 terraemotus

85 1955 197 1988 sactus
220 1961 282 1989 est.
334 1953 382 1987 Et
405 1961 494 1987 terra
511 1953 643 1987 Neroni
661 1953 839 1989 dehiscere
856 1957 927 1990 visa
945 1965 1010 1998 est,
1038 1965 1070 1991 et

87 2011 220 2050 spectra
251 2011 480 2037 occurrerunt
505 2005 767 2039 interfectorum
792 2007 836 2039 ab
862 2019 912 2042 eo.
979 2007 1069 2042 Cum

86 2061 204 2088 autem
225 2054 414 2088 audivisset
438 2067 545 2098 prope
563 2067 634 2088 esse
652 2056 783 2101 equites
800 2069 817 2090 a
838 2057 969 2092 Senatu
986 2060 1071 2092 mis-

87 2116 143 2138 sos
166 2105 209 2138 ad
235 2116 315 2137 eum
340 2104 644 2146 interficiendum,
672 2107 745 2150 ipse
767 2108 885 2149 gladio
904 2121 938 2141 se
957 2116 1071 2143 trans-

88 2155 172 2189 fixit.
231 2152 300 2188 llic
325 2155 435 2188 exitus
460 2156 699 2189 testimonium
724 2165 773 2192 est
798 2158 920 2191 iudicii
948 2160 1072 2202 divini,

88 2212 123 2239 et
145 2205 308 2252 congruit
331 2206 372 2238 ad
399 2206 547 2247 regulas:
576 2204 706 2240 Omnis
724 2208 784 2252 qui
804 2209 959 2251 gladium
977 2223 1072 2244 acee-

87 2255 191 2299 perit,
218 2254 335 2300 gladio
354 2256 491 2299 peribit.
539 2254 601 2290 Et:
630 2255 760 2291 Omnis
778 2259 895 2293 anima
915 2273 1004 2304 quae
1022 2262 1072 2294 fe-

90 2304 178 2339 cerit
201 2305 481 2339 abominationes
508 2304 587 2347 has,
612 2309 857 2342 eradicabitur.
909 2309 990 2344 Fuit
1010 2324 1073 2345 au-

90 2363 160 2390 tem
184 2361 378 2399 postremus
402 2368 544 2395 eorum,
571 2358 632 2402 qui
657 2371 696 2391 ex
713 2356 862 2402 Augusti
886 2359 1026 2395 filiabus
1042 2369 1074 2396 et

92 2406 256 2450 neptibus
275 2406 347 2438 nati
366 2414 461 2440 sunt:

92 2469 284 2505 Domitius
301 2468 402 2506 Nero
420 2480 515 2517 pater

143 2521 295 2557 Neronis
312 2523 463 2568 impera—

232 2573 330 2608 toris.

584 2473 793 2523 Agrippina
813 2489 901 2510 uxor
917 2477 1076 2520 Domitii,

534 2541 561 2554 »a
592 2527 661 2560 fllia
680 2527 906 2570 Germanici,
934 2542 1062 2573 prone-

720 2579 787 2620 ptis
804 2576 966 2622 Augusti.

354 2633 815 2653 -W

462 2656 562 2692 Nero
584 2659 708 2705 imper.

663 116 689 152 Ι.
731 111 1021 152 CIIRONICON
1047 108 1294 149 CARIONIS.
1346 109 1471 145 PARS
1499 108 1544 144 ΙΙ.

2048 105 2119 138 918

1226 196 1309 231 Post
1325 208 1404 230 eum
1421 195 1589 238 muliplex
1606 194 1747 227 laniena
1763 197 1908 237 sequuta
1925 196 1987 224 est.
2032 190 2113 222 Ser-

1125 248 1219 290 gium
1248 247 1398 280 Galbam
1423 245 1595 279 interfecit
1613 242 1712 278 Otto.
1766 242 1904 276 Deinde
1929 246 2111 284 superatus

1125 297 1213 331 Otto
1237 299 1369 342 praelio
1396 309 1413 329 a
1440 296 1603 334 Vitellio,
1631 295 1693 338 qui
1717 300 1851 326 rexerat
1871 291 2111 327 Germaniam,

1124 349 1274 392 seipsum
1317 348 1454 382 occidit.
1524 345 1691 379 Witellius
1731 344 1939 376 adveniente
1979 341 2111 383 Vespa-

1122 399 1220 431 siano
1249 399 1385 442 fugiens
1409 410 1448 430 ex
1473 396 1615 429 latebris
1633 401 1805 427 extractus
1825 406 1842 426 a
1863 392 2035 425 militibus
2054 392 2109 423 in-

1122 449 1283 483 terfectus
1300 456 1367 488 est,
1396 455 1427 481 et
1444 448 1592 480 cadaver
1607 458 1625 479 a
1644 445 1789 478 canIbus
1808 444 1996 477 laceratum
2015 448 2075 475 est.

1441 582 1780 625 VespasianuS.

1170 666 1277 701 Anno
1294 666 1418 700 mundi
1437 671 1558 710 quater
1573 664 1762 696 millesimo
1781 661 1954 696 tricesimo
1976 662 2089 695 tertio.

1171 719 1278 752 Anno
1307 717 1406 751 urbis
1429 715 1564 750 Romae
1596 713 1903 757 octingentesimo,
1938 712 2104 744 vicesimo

1526 765 1653 806 primo.

1171 818 1277 853 Anno
1296 815 1427 852 Christi
1445 815 1696 860 septuagesimo
1715 814 1842 858 primo,

1219 884 1298 918 Hoc
1327 895 1420 916 anno
1442 880 1649 914 inchoamus
1669 881 1855 925 imperium
1876 877 2106 925 Vespasiani

1118 949 1199 969 mox
1220 948 1238 968 a
1253 934 1405 967 Neronis
1431 932 1586 964 interitu.
1638 931 1715 964 Etsi
1736 932 1829 964 enim
1845 930 1996 974 amplius
2011 940 2105 962 anno

1119 989 1337 1020 duraverunt
1363 983 1453 1015 bella
1478 982 1613 1020 civilia,
1648 980 1805 1021 Galbae,
1841 978 2007 1018 Ottonis,
2041 978 2106 1010 Yi-

1119 1037 1222 1072 telliiz
1250 1043 1366 1068 tamen
1383 1031 1438 1066 his
1456 1031 1651 1075 praeteritis
1669 1031 1749 1075 quia
1767 1031 1888 1062 eodem
1905 1042 1997 1062 anno
2015 1030 2107 1062 inter

1093 1099 1096 1107 '
1119 1101 1154 1121 se
1177 1086 1411 1123 dimicarunt,
1446 1095 1526 1114 mox
1549 1094 1568 1114 a
1593 1080 1733 1114 Nerone
1755 1079 2011 1124 Vespasianum
2037 1090 2107 1111 nu-

1119 1147 1313 1174 meramus,
1341 1134 1400 1178 qui
1425 1133 1495 1165 illis
1522 1132 1722 1164 viventibus
1747 1131 1783 1163 in
1803 1130 1931 1163 Iudaea
1956 1130 2107 1172 impera-

1120 1196 1174 1223 tor
1199 1187 1368 1220 salutatus
1394 1189 1456 1218 est.
1508 1182 1685 1224 Regnavit
1709 1193 1821 1214 annos
1845 1182 1963 1213 decem
1989 1179 2106 1212 minus

1120 1251 1175 1272 sex
1199 1237 1332 1270 diebus.
1385 1233 1454 1267 Per
1479 1230 1574 1265 hunc
1590 1231 1686 1265 Deus
1702 1231 1853 1264 restituit
1872 1232 2020 1263 sormam
2040 1230 2107 1261 im-

1119 1288 1220 1334 perii,
1247 1286 1408 1319 ordinem
1427 1281 1700 1327 provinciarum,
1727 1281 1989 1314 distinctionem
2009 1290 2107 1312 exer-

1120 1340 1272 1377 cituum,
1302 1337 1394 1377 leges
1417 1340 1449 1366 et
1474 1333 1622 1372 iudicia,
1656 1344 1734 1364 cum
1760 1333 1826 1364 sub
1848 1338 1899 1364 tot
1922 1330 2107 1375 portentis,

1121 1388 1297 1430 Caligula,
1331 1384 1500 1423 Claudio,
1532 1382 1690 1421 Nerone,
1718 1388 1750 1415 et
1771 1382 1807 1414 in
1834 1382 1973 1414 laniena
1998 1378 2108 1413 Otto-

1120 1441 1175 1473 nis
1199 1445 1233 1471 et
1249 1435 1385 1470 Vitellii
1406 1445 1552 1476 magnae
1576 1432 1798 1465 confusiones
1822 1432 1857 1464 in
1885 1438 1958 1465 toto
1981 1442 2107 1473 genere

1120 1489 1276 1524 humano
1300 1486 1501 1520 extitissent.
1555 1482 1624 1516 Sed
1646 1489 1760 1516 tamen
1779 1482 1888 1526 aliqui
1905 1482 2049 1514 fuerunt
2069 1481 2106 1511 in

1119 1538 1311 1585 provinciis
1329 1535 1467 1569 honesti
1483 1532 1729 1576 Magistratus,
1757 1544 1908 1577 quorum
1922 1532 2034 1564 virtus
2051 1542 2108 1562 re·-

1121 1590 1227 1624 tinuit
1256 1595 1436 1630 utcunque
1461 1584 1602 1628 imperii
1628 1583 1788 1626 speciem.
1850 1582 1951 1616 Nunc
1975 1580 2107 1624 Vespa-

1121 1640 1210 1673 siani
1226 1637 1382 1672 consiliis
1400 1643 1432 1669 et
1446 1635 1575 1668 virtute
1593 1634 1720 1666 melior
1735 1640 1843 1667 status
1860 1640 1921 1666 est.
1974 1630 2109 1664 Nume-

1121 1697 1220 1723 ratur
1244 1699 1324 1729 ergo
1352 1687 1444 1718 inter
1467 1685 1658 1728 sapientes,
1686 1684 1796 1716 iustos
1822 1691 1855 1717 et
1877 1683 1981 1717 utiles
2006 1681 2108 1724 prin-

1122 1741 1225 1784 cipes.
1280 1737 1322 1770 In
1347 1747 1453 1770 aureo
1479 1735 1553 1767 eius
1576 1740 1625 1767 est
1642 1733 1877 1778 Capricornus
1894 1734 2038 1777 globum
2057 1738 2108 1764 te-

1122 1801 1208 1823 nens
1224 1787 1403 1833 prioribus
1420 1785 1578 1829 pedibus.

1223 1854 1314 1889 Cum
1343 1866 1382 1886 ex
1407 1852 1535 1885 Iudaea
1565 1851 1777 1890 discederet,
1813 1849 1964 1883 Romam
1991 1848 2109 1892 profc-

1123 1914 1260 1946 cturus,
1286 1904 1357 1937 filio
1377 1902 1460 1936 Tito
1487 1901 1683 1940 mandavit,
1711 1907 1751 1933 ut
1774 1900 1906 1932 bellum
1924 1898 2108 1932 Iudaicum

1123 1962 1273 2000 gereret,
1302 1954 1394 1998 quod
1411 1953 1491 1985 vix-0
1502 1951 1643 1984 Nerone
1660 1948 1863 1983 inchoatum
1881 1956 1965 1982 erat.
2017 1948 2108 1982 Cum

1123 2007 1217 2040 enim
1235 2004 1354 2045 Flori,
1381 2015 1483 2047 quem
1503 2002 1594 2035 Nero
1617 2001 1654 2033 in
1681 2000 1846 2033 Iudaeam
1864 2000 2023 2037 miserat,
2052 2011 2108 2031 ra—

1124 2057 1253 2102 pacitas
1277 2062 1309 2088 et
1336 2054 1523 2087 crudelitas
1550 2052 1765 2095 praebuisset
1790 2051 2006 2083 occasionem
2032 2062 2109 2081 mo-

1125 2107 1229 2140 vendi
1253 2105 1465 2143 seditiones,
1498 2110 1530 2136 et
1553 2101 1689 2135 Cestius
1712 2101 1752 2146 S)
1765 2101 1834 2134 riae
1859 2111 1995 2144 praeses
2020 2100 2109 2132 vici—

1124 2170 1191 2191 nus
1213 2164 1245 2190 et
1259 2156 1386 2189 Florus
1410 2153 1620 2186 infoeliciter
1635 2164 1713 2185 cum
1732 2151 1869 2184 ludaeis
1887 2158 2111 2195 pugnassent,

1125 2208 1317 2241 multitudo
1338 2205 1549 2238 Iudaeorum
1571 2203 1686 2247 palam
1704 2202 1874 2234 rebellare
1889 2201 2018 2244 coepit,
2046 2212 2111 2233 na-

1126 2266 1178 2293 cta
1202 2260 1326 2291 ducem
1352 2255 1595 2290 turbulentum
1622 2252 1861 2291 Manaimum,
1892 2252 1926 2284 id
1951 2258 2019 2292 est,
2044 2251 2110 2284 (Ja-

1126 2317 1315 2346 strcnsem,
1350 2306 1410 2351 qui
1443 2305 1571 2337 milites
1598 2302 1782 2337 Romanos
1813 2302 2016 2346 ubicunque
2049 2302 2111 2334 de-

1126 2357 1314 2402 prehendit
1339 2355 1485 2395 occidit,
1511 2361 1543 2387 ct
1567 2353 1632 2386 suit
1656 2351 1815 2385 hortator
1838 2353 1879 2385 ad
1899 2364 2111 2396 recuperan—

1128 2412 1206 2443 dam
1232 2409 1441 2441 libertatem.
1508 2404 1574 2436 llic
1598 2403 1803 2446 magnitudo
1829 2403 1975 2446 periculi
1998 2403 2112 2444 coegit

1128 2461 1165 2493 in
1195 2459 1332 2505 Syriam
1370 2457 1509 2489 mittere.
1544 2456 1666 2487 ducem
1706 2454 1835 2487 virtute
1867 2460 2111 2496 praestantem,

1128 2511 1260 2545 Missus
1294 2509 1400 2550 igitur
1432 2513 1481 2539 est
1507 2505 1759 2548 Vespasianus,
1791 2504 1850 2548 qui
1880 2504 1982 2537 initio
2011 2503 2110 2535 Gali-

1130 2562 1238 2594 laeam
1263 2559 1408 2602 recepit,
1434 2556 1561 2590 deinde
1585 2555 1695 2587 filium
1717 2554 1815 2588 iussit
1833 2555 2018 2587 obsidione
2036 2554 2111 2585 cin-

1129 2623 1208 2654 gere.
1234 2610 1495 2653 lerosolymam.
1554 2604 1606 2639 Ea
1637 2605 1775 2638 obsidio
1809 2603 1972 2637 inchoata
2000 2610 2046 2635 est
2074 2603 2109 2633 in

1130 2663 1216 2695 sesto
1247 2657 1453 2698 Paschatos,
1482 2656 1644 2691 videlicet
1678 2654 1731 2689 14.
1756 2653 1906 2699 Aprilis,
1939 2665 2030 2687 anno
2058 2663 2111 2684 se-
