2324 2955
165 115 187 149 7
694 107 849 143 DECL.
892 105 963 141 DE
996 105 1302 142 CALL’MMA
1337 105 1634 146 OSIANDRI.
2149 111 2172 145 8

165 198 260 232 llaec
283 204 363 230 sunt
392 196 503 239 capita
534 194 767 228 atrocissimae
798 192 1074 231 criminationis,
1106 192 1143 224 in

168 261 235 294 qua
261 260 333 280 non
363 254 401 280 ut
425 246 573 279 Pericles
607 248 704 276 tonat
730 249 771 285 ,et
800 243 981 282 fulminat,
1014 243 1071 275 sed
1106 248 1144 274 ut

167 300 277 333 Cleon
298 304 356 330 aut
372 295 618 341 Hyperbolus,
645 300 845 335 arroganter
869 299 901 325 et
918 291 1146 338 [impudenter

169 348 322 382 convicia
358 354 390 379 et
424 344 612 377 calumnias
648 351 834 378 coacervat.
897 342 1080 375 Gloriatur
1111 353 1145 373 se

169 400 362 431 libertatem
381 395 580 432 retinuisse,
606 405 668 425 nec
688 393 866 425 admisisse
891 390 973 425 haec
994 392 1144 425 vincula.

169 449 217 482 Ili
242 448 407 480 clamores
436 445 471 476 iu
503 451 597 477 tanta
624 444 760 475 licentia
790 451 822 476 et
853 440 1012 487 ἀναρχία
1043 440 1147 474 buius

171 497 334 540 temporis
352 494 551 538 plausibiles
568 500 647 526 sunt
664 494 753 536 apud
774 493 921 532 multos,
948 493 1007 536 qui
1030 491 1147 524 infini-

171 557 240 581 tam
259 546 432 578 licentiam
457 545 521 577 sibi
546 550 687 576 sumunt
713 544 864 585 fingendi
887 542 1088 585 opiniones,
1116 548 1148 574 et

173 594 371 642 Pyrrhonio
392 607 489 628 more
516 593 745 626 labefactandi
763 593 881 624 omnia
899 600 989 625 recte
1010 592 1147 625 tradita.

172 648 240 680 Sed
265 647 312 690 pii
333 654 365 678 et
389 646 574 688 prudentes
603 655 673 675 non
702 644 775 675 sine
799 654 925 684 magno
946 643 1068 675 dolore
1095 643 1148 674 vi-

173 699 274 736 dent,
301 696 384 740 quid
402 696 565 727 moliatur
581 691 663 725 baec
678 693 806 725 furiosa
827 690 1070 736 reprehensio,
1096 693 1148 724 vi—

173 748 317 785 delicet,
350 753 387 778 ut
416 758 457 777 ne
483 746 738 776 admoneantur
760 743 901 787 quidem
932 743 1087 775 iuniores
1118 750 1150 776 et

173 798 326 830 saniores
349 799 390 827 de
412 794 590 827 modestia.
643 792 730 826 Nam
755 791 915 826 homines
940 793 1022 833 seri,
1048 800 1150 836 petu-

172 849 299 885 lantes,
326 845 435 878 inflati
455 843 685 877 admiratione
708 844 779 881 sui,
806 841 867 877 καὶ
888 842 1149 888 τετυφωμένοι,

173 910 235 930 nec
259 895 311 928 bis
336 895 643 939 promissionibus,
671 905 734 926 nee
757 894 834 927 aliis
856 894 1005 927 vinculis
1029 891 1151 927 coher-

174 947 242 981 ceri
261 954 416 990 possunt.

272 996 429 1029 Primum
447 1003 561 1029 autem
579 997 622 1029 de
645 996 824 1030 autoribus
848 1003 984 1030 nostrae
1006 1007 1151 1029 consue-

172 1047 305 1082 tudinis
332 1054 365 1080 et
391 1048 433 1079 de
451 1059 570 1080 eorum
597 1047 743 1080 consilio
759 1048 881 1082 dicam.
933 1046 1013 1079 Non
1033 1058 1151 1079 recens

174 1111 192 1133 a
211 1098 312 1130 nobis
329 1097 516 1139 excogitata
534 1104 583 1130 est
598 1094 680 1130 haec
697 1098 889 1140 promissio,
917 1099 975 1129 sed
992 1097 1151 1130 instituta

174 1150 217 1182 ab
243 1146 307 1181 hoc
330 1148 473 1190 collegio
497 1154 577 1180 ante
598 1159 708 1180 annos
725 1149 795 1180 fere
813 1148 954 1189 viginti,
981 1147 1151 1187 videlicet,

173 1211 192 1231 a
208 1196 382 1237 Lutbero‚
409 1197 512 1236 lona,
545 1206 577 1231 et
602 1205 737 1240 pastore
762 1196 865 1230 huius
887 1196 1061 1230 Ecclesiae
1080 1197 1150 1230 Do-

172 1256 266 1282 ctore
286 1247 492 1281 Pomerano.
544 1247 618 1281 Hos
642 1248 882 1291 integerrimos
910 1248 1002 1280 viros
1028 1259 1150 1290 magna

172 1299 301 1331 iniuria
325 1299 440 1331 adficit
463 1296 657 1338 Osiander,
691 1311 767 1331 cum
797 1299 878 1330 serit
908 1298 1151 1341 suspicionem,

173 1350 266 1393 quod
285 1349 461 1381 voluerint
484 1349 704 1392 tyrannidem
729 1348 955 1385 constituere,
983 1360 1061 1380 cum
1087 1346 1151 1379 ho—

173 1398 365 1431 nestissima
384 1409 482 1430 causa
501 1398 638 1430 consilii
657 1398 692 1430 in
711 1405 894 1441 conspectu
913 1399 966 1432 sit.
1008 1396 1053 1430 Et
1070 1404 1151 1430 tunc

174 1450 388 1491 vagabantur
412 1448 513 1481 multi
542 1448 683 1481 fanatici
708 1446 886 1488 homines,
918 1447 977 1492 qui
1003 1448 1150 1480 subinde

173 1511 263 1531 nova
279 1498 506 1531 deliramenta
524 1498 747 1541 spargebant,
775 1496 1042 1540 Anabaptistae,
1069 1497 1149 1530 Ser-

170 1557 286 1586 vetus‚
312 1547 528 1591 Campanus,
554 1547 812 1581 Stenckfeldius
836 1555 868 1581 et
892 1548 962 1582 alii,
1016 1546 1060 1580 Et
1080 1560 1150 1579 non

172 1600 298 1631 desunt
316 1599 398 1631 tales
417 1598 525 1630 suriae
542 1599 613 1631 ullo
630 1605 794 1642 tempore.
848 1598 1029 1640 Quantum
1046 1598 1151 1636 igitur

172 1647 324 1682 humana
342 1648 522 1691 diligentia
547 1661 665 1681 cavere
685 1650 814 1692 potuit,
843 1649 951 1681 voluit
970 1647 1023 1681 hic
1041 1648 1149 1680 Sena-

173 1707 227 1733 tus
244 1701 336 1731 bona
360 1699 499 1741 ingenia
523 1700 566 1731 de
586 1699 751 1731 modestia
778 1700 1092 1736 commonefacere,
1118 1704 1150 1730 et

172 1757 278 1782 metas
294 1750 494 1788 ostendere,
521 1756 614 1782 extra
633 1761 718 1794 quas
734 1762 804 1781 non
821 1757 946 1782 temere
964 1761 1150 1792 erumpen—

171 1801 255 1832 dum
273 1807 374 1839 esset,
401 1799 512 1833 voluit
527 1807 559 1833 et
574 1800 721 1839 frenare,
745 1806 914 1843 quantum
935 1807 1058 1843 posset,
1085 1799 1150 1830 mi-

173 1862 238 1883 nus
253 1850 397 1894 quietOS.
450 1848 516 1882 Hic
536 1861 608 1883 mos
624 1850 689 1882 suit
707 1857 738 1882 et
754 1848 929 1883 Ecclesiae
945 1850 1085 1889 veteris,
1114 1849 1150 1881 in

173 1912 239 1945 qna
257 1901 414 1932 nondum
431 1900 568 1945 tyranni
584 1900 866 1938 dominabantur,
894 1907 926 1933 et
942 1898 1055 1932 adbuc
1071 1900 1150 1931 son-

171 1957 220 1983 tes
237 1950 414 1983 doctrinae
430 1950 506 1994 puri
523 1957 632 1985 erant.
686 1950 873 1984 Petebatur
888 1951 1095 1994 subscriptio
1114 1950 1149 1982 in

171 2000 323 2045 Synodis
357 2001 431 2044 piis.
491 2000 529 2033 ln
556 2000 683 2033 Nicena
710 2000 853 2045 Synodo
886 2014 956 2033 non
986 1999 1148 2044 Episcopi

171 2057 324 2090 tantum,
358 2051 416 2082 sed
442 2051 543 2083 etiam
566 2050 817 2084 Constantinus
851 2052 1057 2095 imperator,
1090 2063 1149 2083 sua

171 2113 278 2133 manu
293 2101 437 2133 decretis
453 2101 526 2133 eins
543 2101 674 2146 Synodi
692 2102 905 2143 subscripsit.

274 2150 341 2182 Nec
357 2152 397 2183 ad
422 2152 654 2184 ministerium
674 2149 856 2193 Evangelii
876 2152 1150 2184 admittebantur

174 2200 249 2240 ulli,
273 2201 337 2232 nisi
355 2202 615 2243 praecessissent
631 2199 840 2244 δοκιμασία,
866 2214 924 2234 seu
939 2214 1091 2239 examen,
1119 2209 1151 2234 et

173 2261 329 2293 expressa
348 2252 523 2293 professio,
552 2253 669 2296 inqua
687 2253 796 2284 vocati
817 2253 858 2284 ad
877 2254 1072 2284 docendum
1089 2253 1150 2283 ad-

173 2301 357 2333 firmabant
381 2312 415 2333 se
439 2303 599 2345 amplecti
623 2304 859 2345 incorruptam
880 2301 1061 2344 Evangelii
1087 2304 1150 2334 do-

172 2351 338 2389 ctrinam,
372 2358 404 2383 et
429 2352 676 2393 promittebant
698 2365 731 2384 se
760 2365 832 2384 eam
861 2366 929 2384 non
957 2353 1150 2384 abiecturos

172 2412 254 2435 esse.
296 2399 422 2433 Extant
440 2399 554 2434 adhuc
571 2403 680 2445 capita
698 2403 863 2435 examinis
884 2403 916 2434 in
938 2402 1092 2435 Decretis
1110 2414 1147 2434 ex
1173 2427 1174 2440 ³

169 2449 366 2493 Augustino
386 2452 567 2495 descripta,
586 2454 664 2485 dist.
683 2453 840 2485 xicvsixna
860 2454 968 2490 tertia⁷
996 2454 1052 2485 nbi
1074 2460 1150 2496 post
1172 2446 1174 2456 i

170 2502 534 2534 commemorationem
577 2502 736 2548 Symboli
782 2504 908 2545 petitur
947 2505 1049 2537 etiam
1092 2515 1147 2534 ex-

170 2562 281 2593 pressa
299 2553 543 2584 condemnatio
562 2566 731 2591 errorum,
760 2554 817 2596 qui
837 2568 875 2585 eo
893 2561 1046 2598 tempore
1063 2566 1080 2585 a
1098 2554 1149 2584 t'a-
1170 2579 1172 2588 ,

168 2602 290 2633 mucis
318 2599 536 2641 bominibus,
571 2601 808 2640 Manichaeis,
838 2603 996 2642 Arianis,
1031 2604 1147 2636 Nova-

166 2652 269 2684 tianis
296 2659 329 2685 et
356 2651 550 2695 pelagianis
579 2655 704 2698 passim
733 2654 1083 2696 circumfer-chanun·,
1110 2665 1147 2685 ac

1193 192 1402 225 nominatim
1427 193 1638 236 praecipitur
1659 194 1859 239 inquisitio,
1891 206 1937 226 au
1960 195 2010 234 is,
2043 195 2102 239 qui
2127 197 2170 228 ad

1194 242 1432 276 Ministerium
1462 250 1602 277 vocatus
1631 251 1700 285 est,
1734 241 1916 288 prohibeat
1931 244 2097 288 NuptiaS,
2126 257 2171 278 au

1195 293 1369 335 improbet
1407 293 1597 325 secundum
1634 295 1836 337 coniugium
1872 295 1988 338 priore
2022 296 2171 338 coniuge

1195 350 1350 383 mortua,
1382 350 1414 375 et
1440 354 1536 375 esum
1561 344 1728 377 carnium.
1781 343 1838 377 An
1863 352 1937 388 post
1960 346 2093 388 lapsum
2117 357 2173 378 re-

1195 394 1341 425 deuntes
1363 393 1405 424 ad
1430 393 1677 435 poenitentiam
1701 395 1853 438 recipiat.
1921 394 1977 427 An
2005 395 2173 437 originale

1196 443 1324 475 malum
1353 442 1482 477 iudicet
1506 455 1577 476 esse
1606 450 1792 487 peccatum.
1846 443 1903 478 An
1925 445 1989 478 ulli
2013 443 2174 478 homines

1197 500 1289 526 extra
1314 491 1503 525 Ecclesiam
1527 494 1595 527 sint
1612 491 1775 526 haeredes
1793 495 1882 527 vitae
1899 501 2067 528 aeternae.
2122 494 2174 527 De

1196 550 1265 575 tam
1282 543 1402 576 inultis
1421 544 1524 576 rebus
1545 556 1722 587 expressae
1737 546 2003 578 asseverationes
2022 546 2175 589 postula—

1198 600 1250 626 tae
1265 602 1357 627 snnt.
1409 592 1456 626 Et
1470 593 1623 626 Graecus
1640 593 1763 627 Canon
1783 606 1863 627 usus
1887 602 1935 627 est
1954 597 2058 627 verbo
2086 594 2176 629 ἀιά-

1197 642 1471 687 κρινέσθωσαιν,
1513 645 1605 688 quod
1638 644 1807 687 significat
1841 657 1994 678 severam
2028 645 2177 690 inquisi-

1199 694 1342 727 tionem.

1299 742 1393 776 Ilaec
1416 743 1597 786 diligentia
1624 751 1656 777 et
1680 750 1761 777 tunc
1783 743 1956 778 Ecclesiae
1987 746 2176 778 necessaria

1199 795 1283 833 fuit,
1314 800 1345 826 et
1369 806 1503 836 semper
1527 794 1715 827 necessaria
1740 803 1806 834 est,
1840 808 1911 828 non
1937 803 1985 828 est
2010 797 2178 841 tyrannis,

1200 856 1399 889 quanquam
1426 845 1552 876 deinde
1582 846 1714 889 aliquot
1749 846 1893 878 saeculis
1916 845 2068 880 Romani
2091 844 2179 889 Epi-

1199 894 1295 938 scopi
1319 901 1351 926 et
1374 894 1434 926 alii
1450 895 1661 928 addiderunt
1685 895 1811 928 iniusta
1829 908 1932 928 onera
1951 903 1982 929 et
2000 904 2179 940 corrupte-

1200 945 1259 978 las.
1311 944 1379 978 Sed
1398 957 1460 977 nos
1477 945 1619 980 abiectis
1636 946 1751 989 impiis
1766 946 1941 986 oneribus,
1968 953 2101 979 tantum
2120 959 2179 990 pe·-

1201 996 1304 1030 timus
1324 1007 1423 1028 verae
1438 996 1617 1029 doctrinae
1633 996 1948 1035 adseverationenz,
1976 997 2064 1030 sicut
2083 1004 2180 1030 vetus

1201 1046 1353 1080 Ecclesia
1377 1046 1516 1089 petivit,
1544 1046 1769 1079 necessariam
1795 1048 1836 1078 ad
1856 1059 1970 1078 veram
1989 1046 2052 1079 Dei
2080 1047 2179 1090 agni-

1202 1098 1331 1130 tionem
1349 1103 1381 1129 et
1399 1097 1653 1130 invocationem
1665 1123 1673 1137 ,
1700 1097 1741 1129 ad
1759 1095 1932 1129 Ecclesiae
1948 1097 2181 1137 concordiam,

1201 1149 1242 1180 ad
1273 1148 1477 1180 frenandam
1510 1147 1689 1180 andaciam
1718 1147 1869 1189 fingendi
1890 1159 1977 1179 nova
2001 1149 2179 1189 dogmata:

1203 1196 1263 1230 bac
1286 1198 1357 1240 ipsa
1384 1198 1642 1230 adseveratione
1668 1197 1771 1230 etiam
1796 1204 1937 1241 propter
1963 1195 2181 1230 Osiandrum

1201 1260 1288 1291 opus
1306 1248 1388 1287 suit,
1419 1247 1479 1292 qni
1497 1248 1680 1293 aliquoties
1698 1255 1908 1280 monstrosas
1922 1248 2106 1290 opiniones
2123 1259 2181 1290 ge-

1202 1299 1275 1330 nuit
1289 1325 1297 1337 ‚
1322 1310 1410 1341 quae
1429 1304 1543 1330 tamen
1562 1298 1729 1341 sapientia
1747 1305 1777 1330 et
1801 1297 1925 1340 pietate
1943 1298 2089 1330 Senatus
2109 1297 2180 1330 No-

1202 1348 1420 1390 ribergensis,
1444 1360 1522 1380 cum
1540 1360 1557 1380 a
1576 1348 1719 1389 collegio
1738 1354 1855 1379 nostro
1873 1347 2043 1380 iudicatae
2059 1355 2183 1387 essent,

1202 1409 1373 1441 repressae
1396 1404 1485 1429 sunt.
1548 1396 1648 1430 [Tude
1672 1404 1704 1430 et
1732 1395 1791 1429 llas
1813 1398 1883 1429 odii
1908 1397 2064 1430 flammas
2089 1405 2182 1430 ortas

1203 1460 1272 1480 esse
1292 1448 1537 1480 existimamus.
1591 1447 1658 1480 Sed
1682 1445 1763 1479 baec
1782 1448 1917 1479 omitto.

1303 1497 1397 1539 Quid
1423 1504 1473 1529 est
1492 1505 1604 1530 autem
1631 1498 1723 1529 aliud
1749 1495 1832 1529 haec
1850 1504 1966 1529 nostra
1986 1497 2182 1540 promissio,

1202 1548 1267 1580 nisi
1293 1547 1519 1579 consessionis
1549 1548 1726 1589 repetitio,
1759 1560 1861 1591 quam
1895 1555 2008 1579 extare
2032 1555 2182 1589 oportet,

1201 1605 1238 1631 ut
1271 1610 1348 1630 vera
1377 1595 1530 1630 Ecclesia
1568 1598 1611 1629 ab
1647 1598 1724 1630 aliis
1756 1598 1916 1639 gentibus
1954 1599 2182 1632 discernatur.

1202 1648 1362 1692 Denique
1390 1660 1461 1679 non
1489 1647 1605 1680 differt
1630 1646 1684 1680 bic
1709 1649 1795 1680 ritus
1812 1648 1855 1680 ab
1872 1648 2028 1691 exemplo
2052 1646 2183 1687 iosuae,

1201 1699 1260 1743 qui
1281 1698 1413 1730 vocavit
1432 1699 1597 1741 populum
1618 1698 1653 1730 in
1670 1696 1830 1736 Sichem,
1869 1705 1899 1730 et
1918 1699 2182 1741 promissionem

1202 1749 1408 1794 postulavit,
1439 1755 1476 1781 ut
1504 1760 1623 1781 verum
1646 1748 1758 1781 Deum
1785 1755 2010 1791 agnoscerent
2038 1756 2069 1781 et
2092 1757 2182 1781 recte

1201 1800 1364 1833 colerent.

1303 1849 1381 1881 Non
1405 1849 1557 1881 adseram
1586 1846 1651 1881 huc
1675 1849 1820 1881 aliarum
1847 1849 2047 1892 politiarum
2067 1861 2181 1881 exem-

1203 1901 1273 1944 pla,
1300 1900 1360 1932 etsi
1381 1906 1501 1932 notum
1519 1906 1586 1938 est,
1614 1899 1762 1931 inomni
1781 1897 1922 1931 honesta
1941 1899 2181 1933 societateali-

1202 1965 1267 1995 qua
1297 1961 1367 1982 esse
1392 1950 1548 1989 foedera,
1575 1950 1701 1993 quibus
1724 1951 1765 1981 ad
1792 1957 1963 1981 certorum
1988 1950 2181 1982 officiorum

1202 2000 1550 2033 comuumirationem
1574 1998 1732 2032 homines
1751 1998 1894 2040 obligati
1915 2007 1992 2031 sunt
2007 2027 2014 2039 ,
2037 2010 2071 2032 nt
2089 2000 2181 2042 apud

1202 2048 1472 2093 Xenophontem
1491 2050 1633 2082 dicitur:
1658 2053 1848 2093 ,Ἶυνιαχοῶ
1867 2050 1904 2083 ἐν
1923 2053 1962 2093 ty]
1981 2047 2101 2082 ἑλλάδι
2120 2046 2182 2082 νό-

1201 2114 1268 2144 μω,-
1297 2103 1429 2141 miluc,
1469 2098 1550 2137 roi‘vg
1583 2097 1731 2137 πολίΊας
1763 2097 1920 2143 ὀμνύναι
1953 2097 2181 2144 ὁμονοήσειν.

1204 2152 1295 2184 Haec
1323 2152 1472 2195 primum
1490 2150 1559 2183 dixi
1576 2152 1617 2182 de
1641 2151 1823 2183 autoribus
1842 2158 1977 2183 nostrae
1996 2156 2181 2181 consuctu—

1202 2203 1315 2242 dinis,
1345 2209 1377 2235 et
1398 2203 1440 2233 de
1468 2213 1586 2233 eorum
1609 2201 1776 2241 consilio,
1804 2213 1896 2232 nunc
1915 2201 2027 2232 videte
2045 2200 2180 2241 singula

1202 2253 1322 2296 capita.
1385 2250 1637 2285 Rabiosissime
1661 2251 1823 2293 exagitat,
1858 2251 1950 2294 quod
1975 2251 2009 2281 in
2038 2256 2181 2282 contro-

1202 2303 1322 2335 versiis
1343 2302 1600 2334 difficilioribus
1624 2301 1799 2338 iubemus,
1826 2308 1863 2332 ut
1887 2301 2078 2332 deliberent
2102 2311 2180 2332 cuin

1201 2354 1395 2386 senioribus
1421 2352 1455 2383 in
1481 2349 1542 2384 bac
1568 2350 1755 2384 Academia
1789 2357 1821 2383 et
1843 2350 2036 2382 coniunctis
2059 2349 2181 2382 Eccle-

1200 2405 1270 2438 siis.
1323 2403 1389 2435 llic
1416 2409 1551 2435 tantum
1575 2401 1837 2434 deliberationis
1862 2401 2074 2442 mentionem
2095 2401 2180 2432 faci-

1200 2466 1295 2492 mus,
1326 2465 1394 2486 non
1424 2453 1654 2495 praecipimus
1681 2458 1717 2484 ut
1745 2451 1927 2495 quisquam
1957 2451 2180 2490 adsentiatur,

1201 2505 1399 2547 praesertim
1419 2503 1445 2535 si
1463 2501 1691 2534 dissentiendi
1711 2513 1845 2533 cansam
1869 2499 1889 2533 li
1903 2502 1980 2533 =bct.

1301 2554 1485 2597 Utrunque
1506 2551 1836 2595 periculosissimum
1853 2560 1920 2591 cst,
1951 2550 2180 2594 praecipitan-

1201 2610 1250 2636 ter
1278 2605 1449 2639 iudicare,
1484 2611 1513 2635 et
1539 2598 1815 2645 ἰδιοβουλεύειν.
1870 2601 1956 2634 'Nota
1982 2606 2063 2633 sunt
2086 2601 2179 2632 enim

1201 2655 1306 2686 dicta:
1337 2655 1390 2687 Ad
1410 2654 1660 2697 poenitendum
1679 2659 1850 2695 properat,
1877 2653 1943 2685 cito
1963 2652 2019 2695 qui
2039 2650 2180 2686 iudicat.
